3130 5064
633 575 774 630 ..49-

165 703 388 771 Maecenatem
411 701 448 770 in
475 700 604 770 Urbem
623 700 738 768 statim
762 699 919 782 missum,
941 721 985 767 ne
1005 707 1108 769 tantae
1124 699 1232 776 cladis

162 805 286 887 nuntio
321 818 371 886 acl⁴
391 817 617 888 rebellionem
646 815 753 883 animi
786 815 1003 904 erigerentur
1033 819 1056 884 ¹.
1088 817 1233 886 Necnon

164 935 288 1003 codem
307 914 398 1003 anno
424 933 643 1016 Octavianus,
666 953 787 1024 quum,
813 929 905 999 bello
936 931 1102 1002 adversus
1126 934 1233 1002 Pom-

161 1052 281 1144 peium
300 1051 425 1120 iterum
445 1058 617 1142 suscepto,
635 1048 824 1118 exercitum
843 1047 879 1116 in
900 1048 1053 1116 Siciliam
1075 1049 1234 1118 transmi-

164 1169 276 1252 sisset,
302 1169 338 1236 in
364 1165 508 1237 insidias
530 1189 614 1238 vero
645 1165 833 1260 incidisset,
859 1164 971 1234 victus
991 1188 1029 1262 ac
1051 1166 1234 1258 profugus,

161 1293 237 1352 tum
261 1307 401 1377 quoque
425 1283 541 1352 timuit
564 1306 609 1352 ne
632 1282 669 1350 in
692 1281 784 1351 Urba
803 1281 903 1350 multi
927 1304 1044 1350 rerum
1063 1305 1234 1352 novarum

164 1409 365 1492 appetentes
390 1399 570 1469 seditionis
589 1399 769 1468 movenda
789 1397 1007 1466 occasionem
1028 1399 1233 1490 arriperent,

161 1517 457 1609 ‘Maecenatemque
485 1537 612 1585 rursus·
634 1515 670 1584 in
693 1514 822 1584 Urbem
851 1514 1112 1603 diligentissime
1140 1514 1236 1582 misit

164 1634 224 1725 qui
252 1635 442 1720 turbarum,
460 1643 618 1703 auctores
642 1631 819 1724 suppliciis
848 1630 1025 1700 cohiberet
1052 1640 1113 1701 aut
1139 1639 1235 1701 metu

163 1751 368 1842 percelleret
401 1803 408 1820 .

232 1865 336 1950 Quod.
353 1866 396 1935 ad
414 1866 501 1935 illud
522 1876 659 1958 tempus
683 1873 813 1958 spectat
834 1888 903 1956 quo
923 1864 1052 1934 bellum
1067 1889 1146 1935 cum
1159 1866 1233 1934 Au-

161 1984 261 2052 'tonio
278 1993 413 2073 gestum
429 1992 492 2064 est,
514 1983 630 2075 aliqua
644 1981 828 2051 difficultas
848 1981 1009 2064 occurrit,
1026 2005 1103 2074 quae
1119 2005 1233 2074 neque

165 2100 283 2168 omitti·
306 2108 432 2191 potest,
460 2121 574 2192 neque
597 2098 696 2166 facile
721 2097 909 2189 explanari.
937 2099 1062 2167 Fuitne
1085 2099 1233 2168 Actiacas

158 2233 288 2308 pugnae
306 2216 476 2307 particeps
496 2215 684 2284 Maece'nas?
704 2214 795 2283 Sunt·
814 2203 881 2306 qui
895 2214 1049 2298 credant,
1075 2225 1155 2284 sunt
1175 2215 1234 2307 qui

164 2332 368 2401 infitiantur.
394 2331 430 2400 Si
450 2330 600 2400 Dionem
624 2331 762 2419 legeris,
785 2353 856 2398 non
880 2331 992 2399 Roma
1019 2331 1170 2400 abfuisse
1191 2355 1232 2400 eo

166 2459 324 2542 tempore
338 2450 509 2518 Maecenas
528 2447 665 2518 videtur
686 2469 694 2517 τ
717 2447 801 2530 imo,
826 2454 905 2538 post
928 2457 1100 2518 narratam
1118 2448 1235 2516 botia-

165 2557 240 2636 cam
258 2589 412 2659 pugnam
426 2554 554 2655 legitur
568 2563 661 2656 apud
674 2564 822 2633 Dionem
838 2563 895 2632 ille
916 2587 1021 2655 quem
1036 2588 1141 2657 supra
1159 2588 1233 2633 me-

156 2683 376 2754 moravimus
397 2683 493 2751 locus
518 2705 526 2752 :
549 2681 722 2773 Μαικήναςῷ
739 2690 785 2750 καὶ
803 2689 865 2750 τότε
880 2689 897 2764 ἥ
913 2713 943 2750 τε
957 2689 1042 2770 Ρώμη
1056 2690 1133 2765 καὶὴ
1152 2690 1233 2766 λοιπὴ

169 2809 270 2871 Ἰταλία
289 2807 479 2894 προσετέτακτο
503 2810 527 2866 ⁸.
554 2799 601 2866 At
622 2796 756 2889 plures,
782 2797 969 2865 nonnullos
992 2797 1126 2866 Horatii
1156 2822 1234 2867 ver-

165 2927 246 2986 sus*
263 2917 456 2998 afferentes,
469 2914 633 2983 Liburnis
649 2913 794 2981 navibus
809 2914 1033 2982 Maecenatcm
1049 2913 1084 2982 in
1093 2914 1234 2982 Actiaca

161 3055 282 3126 pugna
312 3032 490 3125 praebuisse
510 3030 734 3100 contendunt.
766 3029 898 3110 Quibus
926 3029 1026 3098 multi
1051 3029 1130 3119 jure
1161 3051 1234 3098 res-

163 3151 319 3244 pondent
332 3149 418 3218 nihil
433 3171 497 3219 uos
512 3149 577 3217 hoc
596 3147 731 3217 Horatii
750 3147 901 3215 carmine
921 3145 1050 3226 doceri,
1067 3144 1135 3214 nisi
1154 3167 1235 3236 poe-

160 3276 236 3338 tam
249 3267 399 3340 veritum
414 3289 489 3336 esse
504 3289 548 3335 no
568 3265 642 3334 istis
656 3263 819 3356 periculis
840 3260 1037 3332 Maecenatis
1049 3270 1154 3351 caput
1175 3262 1232 3330 ob-

212 3517 235 3566 t.
250 3515 317 3578 App.
328 3509 391 3561 oen.
405 3511 463 3571 aa..
473 3509 503 3570 V,
519 3510 558 3560 99.

211 3599 236 3646 2.
251 3595 300 3655 lu,
317 3593 347 3654 V,
366 3595 420 3644 112.

212 3677 235 3725 3.
250 3675 310 3736 Dio,
320 3674 359 3735 LI,
375 3677 398 3726 3.

212 3757 234 3806 l.
251 3755 314 3806 Hor.
326 3755 410 3817 Epod.
426 3769 444 3804 r.

449 3871 493 3914 lbis
506 3868 608 3918 Liburnis
619 3867 676 3909 inter
688 3867 732 3908 alte
741 3865 837 3906 navium.

391 3961 406 3970 ·
492 3941 576 3992 Amice,
590 3938 764 3994 propugnacula,

446 4017 539 4058 Paratus
550 4025 616 4055 omne
627 4011 721 4053 casaris
731 4007 853 4064 periculum

488 4086 574 4137 Sabis-e,
588 4083 762 4133 Mmenmtuo!

454 4157 513 4209 Ouid
525 4167 573 4206 nos,
586 4154 666 4208 quibu·
675 4155 698 4196 te
708 4153 754 4194 vite
761 4152 791 4194 sit
797 4149 915 4202 superstite

486 4228 600 4277 secundm
613 4226 630 4268 si
641 4227 724 4274 contra,
737 4223 851 4278 gravier...
