3130 5064
785 542 925 596 ..10-

334 667 469 747 afferre,
487 664 548 732 sed
565 687 608 731 ea
624 686 703 754 quse
724 685 743 730 s
759 663 933 732 veteribus
955 665 1091 748 tradite,
1114 690 1134 734 a
1152 668 1402 738 recentioribus

333 789 495 872 excerpta
514 779 752 870 illustrataque
774 787 865 861 sunt,
888 803 949 870 pro
966 781 1103 850 indiciis
1123 791 1253 862 tencre3
1275 785 1401 875 quibus

332 896 434 988 quod·
442 918 546 986 supra
561 895 711 964 diximus
726 895 950 986 anquiramus
967 918 975 964 ε
991 896 1109 988 inquo
1125 899 1154 966 si
1169 922 1241 973 non
1256 901 1399 970 omnino

282 1053 288 1068 ·
333 1020 437 1094 certa,
458 1011 581 1080 saltem
600 1010 776 1078 simillima
795 1011 896 1078 certis
916 1033 1152 1103 assequemur.

400 1127 469 1196 Sed
483 1127 685 1219 priusquam
705 1126 747 1194 ad
767 1126 855 1198 hanc
873 1136 1028 1196 nostram
1047 1129 1325 1221 disquisitionem
1345 1157 1399 1220 ve-

332 1245 480 1326 niamus,
491 1243 602 1335 placet
616 1243 807 1334 praecipuos
823 1265 956 1326 eorum,
973 1245 1033 1335 qui
1044 1245 1086 1314 de
1100 1246 1285 1316 Maecenate
1295 1271 1400 1339 opera

331 1359 526 1440 ediderunt,
554 1351 770 1441 enumerare,
797 1382 885 1450 quos
909 1369 987 1450 post
1008 1361 1234 1431 Meibomium
1260 1373 1294 1431 et
1319 1373 1398 1433 ente

332 1474 586 1546 Frandsenium
604 1474 731 1542 multos
746 1475 852 1543 fuisse
872 1475 1040 1544 videmus.

397 1593 471 1660 Imo
483 1590 556 1682 jam
575 1599 655 1659 ante
670 1590 896 1660 Meibomium
915 1601 1034 1662 auctor
1049 1594 1191 1684 quidam
1210 1595 1397 1686 Hispanus,

331 1706 473 1776 nomine
487 1710 631 1774 loannes
645 1708 773 1776 Paulus
787 1713 919 1798 Martyr
934 1733 955 1775 a
968 1713 1060 1800 Ryzo
1080 1710 1186 1778 vitam
1202 1711 1399 1780 Maecenstis

232 1807 238 1818 ⁵
330 1823 514 1914 scripserat
530 1819 668 1914 (ld26)':
692 1823 930 1914 quodquidam
950 1847 1036 1916 opus
1056 1826 1144 1893 fictis
1169 1835 1203 1893 et
1222 1839 1398 1895 commen—

333 1939 422 2006 ticiis
449 1939 552 2006 rebus
576 1939 780 2022 confertum,
805 1939 923 2030 judice
955 1941 1155 2024 Meibomio,
1187 1942 1274 2010 nihil
1297 1943 1401 2028 habet

332 2054 557 2123 auctoritatis.

396 2171 475 2262 lpsa
502 2193 609 2261 prope
625 2171 803 2240 Meibomii
818 2181 929 2252 estate,
948 2173 1153 2263 opusculum
1168 2173 1310 2265 aliquod
1331 2173 1400 2242 edi-

331 2295 405 2355 tum
419 2294 471 2354 est
489 2285 584 2378 quod
598 2309 677 2382 oum
696 2287 761 2356 hoc
776 2297 895 2356 nostro
921 2288 1093 2379 duplicem
1114 2289 1251 2358 videtur
1276 2290 1398 2357 simili-

330 2402 487 2471 tudinem
506 2401 645 2485 habere,
672 2412 837 2494 quum-et
852 2405 952 2480 thesis
971 2405 1026 2486 sit,
1050 2405 1145 2472 etita
1165 2405 1396 2474 inscribaturz

329 2513 491 2588 Moecencs
509 2541 566 2586 sec
579 2519 769 2599 consiliator
783 2521 904 2609 rspice,
923 2543 964 2586 ecc
978 2520 1075 2588 Dion.
1091 2521 1147 2588 lib.
1165 2523 1207 2588 52
1215 2544 1397 2612 conpressus,

318 2645 363 2702 tet
374 2634 540 2703 indcade.
557 2637 694 2724 Arqcnt.
713 2636 903 2704 adsoleooe
916 2639 1267 2729 eccmmpmpmdun
1286 2638 1399 2706 mode-

329 2761 440 2816 ratore
456 2754 507 2818 Jo.
529 2747 671 2818 chrico
689 2751 833 2819 decoloro
848 2753 943 2842 Pros.
961 2753 1075 2836 Post,
1092 2754 1306 2844 respondente
1324 2755 1399 2822 Fri-

330 2865 438 2934 dm'co
456 2865 648 2934 Borrtewc‘tz
669 2848 778 2955 cquc'te
796 2872 904 2935 Dono.
927 2870 1015 2936 Aren.
1042 2870 1164 2938 Christ.
1187 2870 1285 2937 16432
1310 2870 1400 2938 Satis

330 2989 446 3050 autem
466 2980 586 3049 hahuit
604 2984 795 3052 Bornewr'tz
810 2983 838 3051 si
857 2984 946 3052 hanc
961 2985 1170 3068 Maecenatis,
1183 3009 1288 3076 quam
1307 2986 1398 3076 apud

315 3096 479 3192 'Dionem
497 3097 657 3186 legimus,
680 3099 873 3167 orationem
894 3099 930 3167 in
952 3107 1066 3191 partes
1086 3101 1257 3168 subtiliter
1275 3101 1398 3181 distin7

332 3220 454 3300 gueret
467 3236 506 3280 sc
521 3212 716 3304 dispiceret,
727 3223 765 3282 ut
779 3214 1002 3284 Maecenatem
1018 3239 1096 3284 cum
1106 3216 1285 3307 praeoeptis
1300 3216 1398 3298 Aris-

331 3327 447 3396 totelis
462 3327 505 3396 de
524 3329 685 3417 regendis
700 3329 895 3398 civitatibus
915 3331 1057 3402 omnino
1078 3355 1269 3421 congruere
1294 3341 1396 3423 atque

333 3471 350 3506 u
368 3465 507 3513 omnem
520 3445 731 3514 monarchici
746 3445 882 3536 imperii
897 3447 1068 3515 rationem
1082 3457 1115 3516 et
1131 3470 1255 3516 arcana
1270 3470 1397 3537 sugge-

296 3607 301 3619 ·
330 3582 405 3628 rere
426 3588 442 3624 »
464 3561 671 3628 ostenderet.

398 3676 574 3774 Meibomii
587 3677 700 3768 operis
712 3700 753 3746 ea
764 3687 815 3748 est
825 3679 1002 3772 inscriptio
1017 3702 1024 3748 :
1041 3679 1215 3748 Meibomii
1222 3683 1396 3762 Maecenas,

330 3793 398 3859 sice
415 3791 456 3860 de
479 3796 518 3861 0.
547 3794 650 3862 orlon·
665 3796 854 3863 Maecenatis
875 3797 955 3879 cita,
973 3796 1120 3863 moribus
1134 3808 1167 3862 et
1182 3796 1279 3864 rebus
1302 3796 1399 3885 pestis

269 3929 270 3932 ’
332 3907 414 3976 liber
431 3909 621 3997 scapularis.
639 3910 793 3978 Accessit
812 3912 848 3980 C.
875 3912 1026 3980 Pedonis
1045 3912 1254 4024 dllinovani
1275 3913 1398 3980 Mace-

331 4022 402 4091 nsti
436 4025 600 4115 scriptum
636 4027 857 4118 Epimdium,
893 4029 984 4096 notis
1022 4029 1241 4097 illustratum.
1281 4028 1393 4118 Lugd.

222 4191 223 4196 η
332 4140 467 4222 Batou,
484 4141 575 4231 apud
589 4143 644 4210 Jo.
662 4151 696 4210 et
713 4143 800 4211 Dan.
819 4145 985 4227 Elsevicr,
1009 4146 1093 4212 1653
1111 4143 1238 4235 (in-c).
