3130 5064
626 1161 784 1259 CAPUT
820 1162 838 1246 Ι
899 1224 902 1230 -

232 1478 294 1532 OUAE
314 1477 408 1524 Palus
427 1479 560 1525 tuantur
581 1478 606 1526 G.
627 1477 724 1524 Clhllll
745 1477 920 1524 uncnulrls
939 1477 970 1524 IN
991 1477 1017 1524 O.
1034 1472 1226 1524 ocrlvtlttult

581 1567 754 1615 luausruu'
767 1567 882 1614 lllllll'l'A

267 1892 412 1974 Quando
423 1853 592 1960 Maeoanas
607 1913 687 1959 cunr
702 1889 890 1960 Octaviano
902 1890 1089 1960 amicitiam
1094 1890 1264 1982 junxerit,

199 2024 270 2070 non
287 2002 408 2092 liquet.
432 2002 531 2070 Multi
551 2001 705 2070 arbitrati
726 2009 806 2068 sunt
824 2001 931 2068 fuisse
955 2001 1094 2092 utrique
1122 2000 1159 2068 in
1180 2001 1265 2069 urbe
1313 2017 1318 2028 ’

199 2116 384 2209 Apollonia
399 2117 591 2185 studiorum
606 2117 817 2185 societatem.
834 2117 917 2184 Haeo
939 2125 1054 2185 autem
1073 2139 1169 2184 mera
1188 2139 1264 2184 sus-

198 2233 288 2326 picio
304 2244 367 2316 cst,
390 2243 424 2300 et
444 2257 485 2324 ea
509 2233 649 2325 quidem
663 2233 756 2302 haud
775 2233 823 2300 ita
836 2233 1035 2324 probabilis,
1053 2256 1162 2325 quum
1180 2233 1264 2302 Ma-

199 2371 300 2418 cenas
334 2348 521 2418 Octaviano
555 2350 637 2418 satis
669 2350 779 2418 multo
812 2349 923 2441 major
955 2349 1055 2416 annis
1082 2349 1188 2418 fuisse
1216 2349 1266 2418 vi·

199 2465 321 2536 deatur
332 2477 355 2533 ¹.
368 2467 493 2536 Narrat
505 2475 619 2535 autem
633 2465 812 2559 Appianus
823 2465 1060 2549 Octavianum,
1078 2488 1149 2533 non
1159 2465 1264 2534 modo

196 2591 236 2650 ut
249 2583 373 2651 litteris
389 2583 553 2665 studeret,
575 2583 635 2650 sed
650 2591 689 2650 ut
703 2583 747 2651 ad
761 2606 835 2652 rom
853 2583 1039 2652 militarem
1060 2605 1135 2652 sese
1156 2581 1266 2652 infor-

197 2708 319 2783 maret,
347 2723 367 2767 a
391 2698 484 2768 Julio
507 2699 641 2768 Caesare
666 2699 890 2792 Apolloniam
917 2700 1062 2769 missum
1083 2701 1107 2767 ².
1131 2698 1206 2781 Qua
1229 2698 1266 2767 in

197 2817 282 2884 urbe
311 2839 418 2909 quum
440 2825 647 2898 versaretur,
674 2816 867 2885 hiemantes
891 2815 1047 2909 equitum
1073 2825 1204 2884 turmas
1228 2815 1265 2884 in
1351 2832 1354 2838 ·

196 2932 392 3024 propinquo
408 2933 566 3016 habebat,
586 2931 731 3024 jamjam
750 2933 915 3001 adversus
934 2933 1081 3000 Parthos
1106 2955 1184 3000 cum
1207 2955 1264 3000 re-

196 3047 292 3140 liquo
313 3049 476 3131 exercitu,
498 3049 534 3116 in
549 3047 752 3116 Macedonia
771 3057 845 3116 tum
860 3055 990 3130 coacto,
1009 3048 1072 3115 sub
1093 3047 1177 3116 lulii
1194 3047 1263 3116 Cae-

198 3165 283 3232 saris
302 3165 462 3256 auspiciis
472 3165 695 3256 profecturas.
716 3165 799 3246 Quae
811 3165 900 3232 circa
915 3163 1025 3254 ipsam
1038 3163 1261 3254 Apolloniam

197 3279 371 3349 interdum
400 3281 597 3364 veniebant,
626 3290 664 3350 ut
696 3281 902 3351 Octavianus
931 3280 1170 3372 obequitantes
1204 3304 1261 3350 eas

197 3405 365 3488 spectaret
379 3405 413 3465 et
426 3406 699 3487 recognosceret.
722 3397 813 3480 Quin
828 3398 898 3466 imo
918 3398 1077 3467 nonnulli
1090 3397 1194 3466 duces
1208 3398 1258 3467 in-

195 3511 306 3580 visere
335 3507 589 3582 adolescentem
616 3522 849 3596 assueverant,
881 3515 979 3606 quasi
1004 3514 1156 3582 futuram
1184 3512 1258 3604 ejus

195 3629 470 3725 magnitudinem
484 3630 557 3721 jam
576 3631 801 3722 praesagirent
816 3633 839 3697 ³.
863 3631 900 3699 Si
918 3631 1125 3722 Apollonia,
1146 3639 1185 3698 ut
1197 3654 1259 3722 pu-

194 3753 297 3829 tatur,
319 3746 515 3816 Maecenatis
530 3769 608 3815 cum
628 3745 814 3815 Octaviano
836 3745 987 3814 amicitia
1001 3746 1139 3814 initium
1154 3747 1255 3839 cepit,

232 3952 266 4000 -1.
281 3947 339 4000 Vid.
354 3950 499 4012 Frandscnl,
512 3905 573 4013 pars
591 3950 611 4006 Ι,
626 3962 682 4012 cap.
700 3950 723 4010 3,
737 3962 799 4012 pag.
816 3951 854 4007 19,
874 3961 931 4012 cap.
945 3950 958 3998 1
974 3952 1000 3999 ct
1013 3963 1070 4013 cap.
1084 3952 1122 4011 11,
1136 3962 1162 4014 p.
1175 3947 1217 4002 51.

242 4033 266 4080 2.
282 4029 347 4094 App.
364 4031 428 4106 Bell.
443 4031 500 4089 cia,
517 4029 561 4090 111,
575 4031 598 4079 9.

243 4115 266 4162 3.
284 4113 413 4174 1d.,ibid‚
