3130 5064
578 1212 874 1286 PROOEMIUM
960 1243 967 1259 ·

258 1803 471 1870 Praesentem
490 1801 581 1868 hunc
599 1799 757 1868 libellum
776 1799 990 1884 inchoantes,
1011 1824 1083 1869 non
1102 1802 1138 1870 id
1156 1801 1258 1872 nobis

191 1917 417 2012 proponimus
436 1925 475 1985 ut
491 1925 600 1985 totam
620 1917 657 1985 C.
676 1915 778 1985 Cilnii
794 1916 989 1984 Maecenatis
1011 1917 1118 1985 vitam
1137 1942 1180 1986 ex
1199 1941 1244 1986 or·

193 2034 273 2102 dine
289 2033 507 2116 evolvamus;
533 2032 790 2124 quodquidam,
817 2056 925 2124 quum
943 2055 1052 2124 pauca
1069 2034 1257 2104 admodum

193 2149 325 2242 antiqui
341 2150 525 2242 scriptores
538 2149 580 2217 de
595 2149 655 2217 illo
671 2148 887 2231 tradiderint,
908 2172 952 2216 ne
969 2150 1094 2218 tentari
1115 2150 1256 2242 quidem
1290 2225 1292 2230 ,

190 2275 318 2358 posset.
341 2267 413 2334 Nec
432 2265 543 2354 magis
562 2265 674 2357 placet
693 2264 843 2332 hominis
863 2264 1017 2334 indolem
1035 2267 1256 2358 privatosque

190 2405 304 2450 mores
330 2381 537 2463 describere,
562 2389 612 2464 ut,
638 2390 698 2449 aut
715 2380 860 2449 virtutes
881 2381 925 2449 ad
947 2381 1172 2466 laudandum,
1198 2392 1257 2452 aut

188 2499 271 2568 vitia
286 2500 328 2567 ad
344 2498 606 2567 obtrectandum
621 2520 852 2589 exsequamur
873 2520 880 2566 :
903 2498 997 2590 quod
1016 2499 1052 2566 in
1071 2508 1253 2593 utramque

188 2625 321 2709 partem
349 2617 474 2708 saepius
499 2615 572 2706 jam
596 2615 724 2684 factum
755 2614 879 2684 iterare
904 2638 996 2683 nunc
1020 2625 1054 2683 et
1076 2625 1253 2687 recantare

187 2726 308 2802 inutile
324 2742 426 2816 esset,
439 2732 508 2800 imo
521 2740 555 2800 et
568 2731 797 2800 fastidiosum.
815 2731 845 2799 N
849 2753 894 2799 on
910 2739 1025 2800 autem
1040 2732 1086 2799 ita
1101 2733 1253 2804 alionum

86 2873 89 2878 ·
186 2848 299 2917 visum
321 2857 383 2932 est,
406 2849 435 2916 si
451 2871 494 2916 ex
516 2847 571 2930 iis,
593 2870 809 2939 quascunque
834 2847 876 2916 de
896 2849 1091 2918 Maecenatis
1110 2850 1252 2942 ingenio

136 2981 138 2984 ·
187 2966 333 3034 etrebus
352 2965 457 3054 gestis
473 2973 554 3032 nota
564 2965 774 3056 vulgataque
791 2979 882 3048 sunt,
900 2965 935 3033 id
946 2965 1165 3057 potissimum
1181 2967 1252 3034 col-

186 3081 294 3170 ligere
318 3103 500 3172 possemus
529 3089 562 3149 et
590 3080 740 3149 dilucide
771 3083 974 3173 explanare,
997 3090 1165 3173 quantum
1193 3083 1251 3152 illo

188 3197 224 3265 G.
252 3195 439 3265 Octaviano
470 3179 629 3286 Augusto
660 3196 703 3266 ad
734 3220 905 3266 summam
935 3205 1157 3290 potestatem,
1192 3208 1252 3266 aut

185 3313 433 3393 invadendam,
460 3319 518 3378 aut
543 3312 785 3396 retinendam,
808 3322 867 3381 aut
895 3314 1134 3397 exercendam,
1168 3337 1249 3406 pro-

184 3432 300 3501 fuerit.

249 3548 382 3639 Nempe
410 3545 607 3614 Maeccnatis
630 3545 936 3616 familiarissimam
955 3570 1034 3615 cum
1063 3547 1248 3617 Octaviano

185 3665 341 3754 Augusto
362 3662 662 3744 consuetudinem,
688 3669 762 3730 tum
782 3663 932 3752 Virgilii,
963 3663 1099 3731 Horatii
1122 3664 1250 3733 multo·

184 3804 331 3873 rumque
351 3779 499 3847 aliorum
523 3787 720 3869 susceptum
744 3778 786 3845 ab
811 3801 851 3847 eo
876 3779 1126 3872 patrocinium,
1146 3803 1249 3848 nemo

185 3896 310 3988 estqui
327 3918 398 3963 non
417 3894 564 3963 noverit.
583 3893 651 3963 Sed
667 3916 746 3962 cum
766 3894 809 3961 ad
824 3893 1046 3985 respublicas
1062 3895 1249 3986 saepissimo

183 4035 256 4082 sose
277 4010 476 4104 contulisse,
503 4018 536 4078 et
565 4010 667 4078 iniis
694 4033 775 4102 quae
798 4009 842 4078 ad
867 4009 1004 4078 civilem
1030 4011 1249 4102 prudentiam

181 4130 355 4221 pertinent
387 4128 517 4220 primas
545 4135 624 4219 post
648 4127 845 4222 Augustum
869 4135 983 4220 partes
1008 4127 1144 4212 tulisse,
1175 4130 1250 4222 ple-
