3130 5064
242 2229 253 2245 ⁸
367 2212 458 2288 aleo
482 2211 593 2291 serios
615 2221 650 2280 et
673 2234 795 2302 graves
813 2211 942 2282 habere
967 2197 1122 2296 solebat,
1144 2220 1231 2282 teste
1251 2211 1431 2295 Suetonio,

435 699 698 769 Memorandum
720 700 872 792 primum
894 700 1053 790 Augusto
1082 723 1218 792 semper
1240 700 1348 769 fuisse
1376 709 1434 768 aut

368 834 477 884 uuum
494 816 657 909 aliquem,
668 825 727 886 aut
736 839 877 909 paucos,
890 826 964 887 tum
977 817 1173 910 prudentia,
1186 825 1260 886 tum
1273 817 1341 886 fide
1354 839 1434 886 con·

368 931 517 1024 splenos,
541 933 746 1025 quibuscum
774 932 816 1002 de
843 933 1005 1002 maximis
1028 933 1130 1003 rebus
1149 933 1431 1017 communicaret,

368 1065 525 1140 quosque
539 1071 718 1141 nunquam
732 1071 804 1118 non
823 1049 1029 1117 consuleret.
1049 1048 1140 1117 lit-id
1155 1049 1297 1141 quidem
1311 1048 1432 1116 referi-

366 1187 456 1248 mus,
474 1187 545 1234 non
558 1173 597 1234 ut
616 1165 647 1234 ei
667 1165 837 1234 incertum
852 1164 1007 1234 animum
1026 1174 1060 1234 et
1079 1164 1122 1232 ad
1137 1165 1357 1257 suscipienda
1371 1187 1433 1234 ne-

369 1280 463 1370 gotia
488 1280 656 1373 imparem
675 1279 895 1374 objiciamus,
918 1280 980 1350 sed
996 1281 1174 1380 potiusut
1188 1281 1262 1373 ejus
1281 1281 1433 1385 pruden-

368 1396 452 1464 tiam
484 1395 817 1488 sapientissimorum
842 1395 1025 1465 hominum
1045 1397 1198 1465 consiliis
1226 1397 1433 1468 innitentem

369 1521 404 1582 et
430 1511 472 1580 ab
506 1512 600 1580 omni
634 1512 826 1580 temeritate
863 1512 1013 1581 alienam
1041 1511 1262 1580 admiremur.
1299 1513 1433 1606 Quippe

368 1628 523 1722 Agrippa
548 1636 582 1698 et
604 1629 790 1698 Maecenate
811 1629 962 1720 mortuis,
978 1636 1038 1698 aut
1055 1637 1155 1698 aetate
1172 1628 1363 1721 provectis,
1390 1649 1433 1698 ne

368 1745 478 1838 Crispi
507 1745 678 1830 Sallustii,
702 1769 805 1838 quem
830 1746 866 1814 iu
885 1745 1178 1815 necessitudinem
1197 1744 1347 1835 Augusti
1372 1769 1432 1817 ve-

367 1862 459 1931 nisse
479 1861 617 1930 Tacitus
630 1871 749 1930 monet
765 1863 790 1945 ¹,
807 1861 1020 1931 mentionem
1039 1861 1174 1946 faciam,
1193 1885 1297 1955 quam
1312 1862 1432 1932 sedulo

366 1978 505 2056 Liviam
516 1999 661 2048 uxorem
683 1987 897 2049 secretorum
920 1978 1054 2051 sociem
1071 1977 1192 2048 lecerit
1215 1987 1252 2052 et
1271 1979 1432 2068 regenda

364 2095 563 2188 reipublicae
581 2095 795 2187 participem,
826 2095 909 2188 quis.
932 2095 1048 2164 necitl
1067 2095 1224 2177 Quacum
1256 2117 1433 2166 sermones

366 2338 406 2402 ut
435 2357 451 2394 c
472 2328 612 2404 nonnisi
631 2327 670 2399 in
692 2327 826 2420 scriptis
854 2336 889 2398 et
908 2350 926 2396 e
944 2327 1062 2398 libello
1078 2327 1234 2402 ¹haberet
1248 2337 1273 2396 ².
1293 2356 1311 2391 n
1340 2328 1433 2396 Inter

361 2461 489 2521 omnes
517 2453 633 2517 autem
669 2467 818 2537 quorum
846 2443 1109 2516 consiliisusus
1137 2453 1207 2526 cst,
1222 2462 1339 2514 ‘nemo
1368 2443 1433 2520 fuit

367 2564 466 2656 eujus
486 2561 663 2634 sententia.
680 2561 792 2652 majus
813 2569 1033 2636 momentum
1050 2561 1143 2652 apud
1164 2581 1247 2632 arum
1259 2560 1429 2643 hahuerit,

367 2701 471 2772 quam
484 2677 695 2760 lllaecenatis.
720 2678 772 2746 Ne
797 2677 953 2767 singulos
974 2675 1077 2768 hujus
1091 2677 1141 2748 rei
1162 2683 1266 2746 testes
1287 2700 1430 2750 enume-

365 2819 442 2868 rare
461 2793 656 2885 aggrediar,
674 2793 824 2892 Tacitus,
841 2793 878 2862 in
897 2815 940 2862 eo
958 2793 1035 2874 loce
1054 2815 1160 2884 quem
1174 2792 1278 2863 modo
1298 2815 1431 2862 memo-

365 2912 452 2995 ravi,
468 2910 628 2981 eumdem
644 2909 804 3002 Crispum
819 2907 1021 2984 Sallustium
1034 2908 1083 2978 eit
1100 2937 1116 2974 c
1132 2909 1299 2980 incolumi
1314 2910 1433 2982 Maece·

365 3039 449 3106 nate
463 3026 674 3122 proximans,
692 3049 777 3096 mox
790 3026 1012 3120 precipuum
1023 3025 1079 3094 cui
1095 3034 1226 3097 secreta
1245 3027 1431 3118 imperato·

365 3169 444 3215 rum
466 3144 729 3213 inniterentur»
751 3143 858 3238 fuisse
875 3149 899 3210 ⁸.
921 3143 961 3210 ln
979 3141 1213 3222 iemiliaritste
1231 3143 1339 3232 igitur
1356 3144 1429 3212 Au·-

364 3261 458 3352 gusti
477 3261 644 3332 Maecenas
668 3258 781 3350 magis
803 3266 960 3335 versatus
976 3266 1041 3330 est
1060 3281 1166 3350 quam
1185 3258 1245 3351 qui
1264 3259 1425 3328 maxime.

361 3379 481 3469 Atque
500 3377 537 3446 in
550 3376 604 3458 his
624 3375 733 3445 Taciti
751 3371 866 3443 verbis
885 3373 975 3448 illud.
990 3374 1168 3452 notatione
1188 3374 1429 3464 dignissimum

365 3493 514 3577 videtur,
529 3491 630 3584 quod
643 3491 835 3584 Agrippam
849 3491 979 3574 omisit,
996 3491 1095 3583 quasi
1111 3491 1146 3560 in
1161 3491 1204 3562 iis
1223 3515 1299 3584 quae
1317 3492 1361 3561 ad
1376 3515 1428 3560 se-

361 3619 539 3680 cretorum
558 3607 757 3680 societatem
772 3616 938 3702 spectant,
956 3630 1000 3676 ne
1014 3606 1170 3700 Agrippa
1189 3607 1331 3700 quidem
1348 3631 1432 3692 ,cum

365 3728 550 3814 ltlaecenate
566 3724 775 3813 contendere
793 3724 956 3818 potuerit.
981 3723 1138 3805 Quorum
1154 3747 1355 3817 quanquam
1369 3747 1431 3794 no-

364 3843 460 3918 mina
483 3843 532 3914 ita
560 3842 652 3936 apud
678 3841 863 3935 scriptores
882 3840 1066 3933 conjuncta
1085 3863 1160 3910 esse
1182 3841 1296 3912 solent
1313 3850 1352 3910 ut
1374 3842 1431 3912 vix

413 4067 641 4133 1.Ann.,111,ao.
692 4027 697 4038 ¹

412 4151 438 4198 2.
452 4147 525 4198 Suet.
538 4147 624 4198 Oclcv.
638 4145 715 4211 Auo,
732 4145 771 4196 st.

412 4231 435 4280 3.
451 4227 519 4278 ibid.
835 4235 841 4242 '

1554 1017 1555 1028 l

1554 1099 1555 1110 l

1554 1293 1555 1308 l

1554 1335 1555 1348 t

1554 1523 1555 1534 l

1554 1535 1555 1548 t

1554 1697 1555 1704 η

1554 2275 1555 2288 t

1554 2289 1555 2302 t

1554 2375 1555 2438 l

1554 2447 1555 2458 l

1554 2861 1555 2874 t

1554 2933 1555 2952 l

1415 4119 1418 4129 l
