3130 5064
408 1381 410 1389 ’
511 1411 514 1416 ’
568 1416 832 1522 „uiuacis

230 1776 324 1846 *Jem
350 1777 547 1868 colligenda
570 1786 651 1849 sunt
678 1781 928 1875 breviterque
956 1805 1060 1875 supra
1096 1763 1244 1876 explica-

181 1913 305 1962 vlmus.
381 1917 386 1927 ·

205 2045 221 2054 ι·
245 2010 404 2090 Primum
432 2012 601 2100 Maeceuas
628 2014 829 2099 Octaviam,
863 2025 942 2110 past
978 2026 1126 2086 mortem
1161 2017 1245 2088 Julii

180 2125 339 2214 ,ilaejeerim
355 2128 583 2200 hereditatem
598 2131 773 2202 dictatoris
789 2133 854 2201 sibi
869 2133 1123 2218 vindicemini
1139 2134 1244 2218 viam,

177 2267 252 2339 ,qna
283 2245 326 2320 ed
354 2268 528 2317 summum
548 2271 663 2318 rerum
695 2249 872 2339 fastigium
904 2260 1134 2342 perventurus
1158 2260 1244 2335 erat,

181 2360 404 2453 ingredienti,
425 2363 540 2432 statim
559 2365 673 2434 sacius
691 2365 777 2436 fuit:
799 2389 908 2458 quum
926 2390 1008 2438 vcro
1033 2366 1144 2457 major
1163 2377 1247 2440 natu
1337 2363 1340 2368 ’

183 2486 285 2562 esset,
308 2487 341 2550 et
364 2480 579 2550 nobilissimo
604 2481 681 2551 laco
702 2475 884 2566 oriundus,
906 2492 940 2552 et
960 2483 996 2552 in
1016 2485 1167 2576 equestri
1191 2478 1248 2554 er-

183 2593 263 2665 dine
283 2594 442 2686 insigniS,
464 2596 556 2666 haud
577 2598 721 2669 dubium
741 2608 793 2668 est
815 2600 900 2692 quin
920 2623 940 2668 a
958 2599 1081 2692 primis
1100 2599 1169 2668 illis
1193 2599 1250 2668 iis-

183 2709 331 2804 demque
360 2712 571 2784 difficillimis
594 2715 808 2807 temporibus
828 2716 958 2809 optime
979 2715 1020 2786 de
1041 2739 1083 2784 aa
1105 2717 1249 2788 meritus

111 2899 114 2904 ,
184 2825 240 2898 ait.

247 2942 377 3026 Donec,
400 2945 533 3015 devicto
554 2945 720 3030 Antania,
743 2947 822 3016 finis
840 2948 941 3017 bellis
964 2947 1123 3018 civilibus
1138 2950 1268 3043 impo-‹

182 3067 335 3143 neretur,
353 3061 534 3146 MaecenaS,
556 3064 693 3154 quoties
713 3063 944 3155 colloquenda
966 3072 1025 3134 aut
1045 3065 1250 3159 paciscendo

182 3199 270 3270 opus
289 3187 374 3257 erat,
395 3165 573 3248 Octaviani
597 3179 731 3269 lagatus
759 3179 835 3262 fuit,
855 3190 889 3248 et
907 3179 1084 3270 singulari
1099 3181 1249 3272 quadam

183 3294 369 3364 calliditate
402 3295 445 3382 ad
478 3295 590 3365 bunos
621 3295 734 3364 exitus
763 3296 907 3364 consilia
935 3296 1098 3390 perduxit
1122 3297 1247 3390 quihus

184 3411 343 3482 triumvir
366 3412 573 3483 eemularum
592 3435 736 3482 suarum
755 3412 1036 3505 conjunctionem
1056 3413 1247 3506 praepedire

182 3537 241 3612 aut
254 3527 430 3611 dirimere,
447 3528 605 3618 singulas
633 3528 785 3598 vicissim
800 3528 995 3612 devincere,
1019 3538 1053 3599 et
1077 3551 1248 3602 summam

183 3645 334 3737 denique
352 3667 469 3714 rerum
482 3643 583 3714 solus
599 3644 755 3713 obtinere
776 3645 1011 3717 constituerat.
1099 3721 1101 3728 ,

248 3763 400 3837 Absente
416 3763 562 3846 essars,
579 3747 760 3845 Meceues,
785 3762 869 3832 Urbi
883 3763 1015 3856 tutique
1036 3762 1141 3832 Italiae
1159 3787 1247 3856 prae·

182 3880 463 3974 pesitus„ciuiles
488 3879 656 3951 tumultus
671 3879 895 3972 compescuit,
910 3879 1166 3972 conjurationes
1186 3881 1246 3950 de-

181 3997 365 4090 prehendit
383 4020 422 4064 ac
440 3997 670 4080 labefactavit,
686 3996 843 4066 Urbanas
867 3996 1017 4089 denique
1044 3996 1247 4088 Italicasque

183 4133 250 4196 ree,
277 4134 477 4204 quenquam
505 4111 767 4183 'difficultatibus
795 4110 949 4204 undique
978 4110 1232 4181 circumventus
