3130 5064
784 520 928 576 ...75-

321 664 484 714 revocare
497 648 521 719 ¹,
545 669 561 706 c
579 641 727 712 Multum
742 642 836 712 enim
849 665 1022 726 erravere,
1039 642 1237 736 quicunque
1248 643 1390 734 Augus-

323 767 398 830 tum
416 758 602 850 quemdam
617 759 793 828 finxerunt
809 759 854 828 ab
865 759 1055 829 ¹¹Octauiano
1072 759 1214 830 omnino
1230 760 1390 832 differen-

323 883 394 946 tem
412 899 452 944 ac
469 883 653 959 mutatum,
664 875 731 944 sibi
746 899 877 946 novum
891 875 1071 965 ingenium
1086 884 1227 968 repente
1238 877 1388 948 induen-

321 1001 474 1077 temet,
501 993 560 1086 qui
581 993 816 1063 atrocissimus
838 992 921 1063 elim
947 993 1207 1064 triumvirorum
1231 1003 1390 1086 repertus

325 1119 426 1194 esset,
440 1111 484 1180 ed
498 1110 585 1180 nihil
595 1109 669 1200 jam
678 1110 791 1199 magis
804 1132 911 1202 quam
928 1109 972 1178 ad
987 1109 1238 1200 ignoscendum
1249 1133 1391 1202 parcen-

324 1227 477 1320 dumque
491 1249 652 1320 pronum.
669 1227 719 1296 Ea
736 1235 788 1294 est
802 1225 914 1296 subite
929 1226 1056 1296 indolis
1073 1233 1107 1296 et
1121 1227 1227 1296 animi
1241 1228 1388 1296 mutatio
1420 1303 1426 1313 ‚

322 1367 430 1436 quam
443 1354 567 1414 natura
582 1327 656 1412 non
671 1343 833 1436 patiatur.
851 1343 958 1412 Insita
974 1351 1047 1411 erat
1056 1343 1218 1432 Augusto
1231 1345 1390 1436 quaedam
1451 1395 1454 1404 ,

323 1460 430 1529 enimi
459 1459 585 1529 duritia
604 1459 789 1542 neferites,
813 1483 901 1552 quae,
921 1459 1081 1551 quamvis
1100 1468 1134 1528 et
1156 1461 1304 1552 propriae
1324 1463 1390 1531 uti·
1504 1460 1505 1465 ’

321 1576 428 1646 litatis
438 1585 607 1669 respectu,
617 1585 651 1644 et
661 1576 866 1660 amicorum,
885 1577 1084 1646 Maecenatis
1095 1577 1390 1668 praesertim‚con·

322 1693 421 1775 siliis,
433 1693 675 1784 prohiberetur
696 1693 883 1786 queminus
903 1692 1053 1760 atrocius
1068 1701 1322 1785 prorumperet,
1339 1695 1390 1763 i‘n·

322 1809 459 1876 tardum
469 1815 584 1878 tamen
600 1810 831 1878 renovabatur
845 1810 988 1901 etquasi
997 1809 1270 1878 recrudescebat.
1284 1811 1385 1894 Nam,

321 1933 362 1994 ut
370 1924 567 2016 exemplum
582 1949 602 1992 a
620 1926 731 1994 Dione
742 1925 885 1994 allatum
899 1947 1145 2007 memoremus,
1157 1925 1307 2017 quadam
1317 1925 1386 2008 die,

195 2067 211 2078 ²
322 2065 431 2134 quum
449 2042 674 2130 Augustusin
692 2041 856 2110 tribunali
883 2041 1032 2124 sederet,
1059 2049 1104 2123 et,
1128 2041 1236 2109 veluti
1251 2042 1389 2132 sangui-

242 2222 247 2230 ,
322 2182 403 2228 nam
414 2158 547 2241 sitiens,
563 2158 731 2251 plurimes
754 2159 864 2251 capite
880 2157 1024 2249 jamjam
1039 2157 1264 2226 damnaturus
1283 2168 1385 2241 esset,
1408 2173 1412 2182 ·

322 2273 503 2355 Maecenas,
521 2273 581 2365 qui
599 2281 675 2342 tum
688 2274 776 2343 forte
795 2273 925 2356 aderat,
940 2272 1388 2365 postquemadprincipem

322 2389 395 2480 ipse
427 2389 608 2480 parvenire
631 2397 773 2481 propter
798 2389 1030 2481 frequentiam
1054 2389 1283 2481 spectantium
1315 2413 1387 2458 nen

322 2514 493 2598 potuerat,
511 2506 548 2575 in
567 2507 683 2575 sinum
715 2506 789 2598 ejus
812 2506 975 2574 tabellam
999 2505 1096 2596 jecit,
1112 2505 1168 2573 bis
1193 2505 1309 2574 verbis
1332 2505 1389 2573 in·

322 2621 458 2714 scriptis
471 2645 485 2690 s
500 2647 515 2684 a
529 2621 652 2710 Surge4
670 2621 840 2690 carnifex!
860 2651 876 2685 »
894 2622 1027 2705 Quibus
1037 2622 1146 2704 lectis,
1159 2621 1309 2690 surrexit
1323 2631 1388 2690 sta-

323 2737 386 2806 tim
395 2738 607 2826 Augustus’.
622 2739 672 2806 Ec
681 2739 788 2828 igitur
802 2739 930 2828 insigni
940 2739 1063 2806 Dionis
1077 2738 1154 2807 loeo
1165 2712 1388 2808 Maecenatem

222 2847 230 2864 '
316 2855 568 2947 ¹comprobatur
592 2863 627 2923 et
644 2854 832 2938 liberrime,
857 2875 965 2947 quum
984 2855 1179 2946 principem
1204 2855 1388 2946 reprehen-

322 2971 432 3053 deret,
453 2971 620 3054 locutum,
637 2979 671 3039 et
686 2993 727 3040 ea
740 2971 910 3054 libertate,
928 2971 1068 3040 nonnisi
1091 2979 1128 3040 ut
1143 2971 1218 3062 ejus
1231 2971 1388 3039 animum

324 3087 365 3156 ad
384 3086 602 3156 elementiam
616 3096 805 3180 reuocaret,
821 3106 925 3156 nsum
948 3109 1036 3170 esse,
1058 3095 1093 3155 et
1108 3085 1387 3178 reprehensioni-

324 3204 389 3272 bus
404 3202 553 3295 denique
562 3204 752 3295 plurimum
762 3204 853 3297 apud
864 3225 945 3272 eum
957 3203 1120 3273 valuisse.
1133 3204 1204 3272 Nec
1213 3203 1385 3272 immerito

323 3319 388 3387 Die
409 3319 613 3388 additnulla
635 3319 842 3390 documento
862 3321 973 3411 magis
997 3321 1161 3388 virtutem
1188 3319 1387 3389 Maecenatis

322 3434 540 3504 manifestam
560 3458 647 3518 esse,
669 3459 774 3528 quem
793 3437 887 3528 quod
901 3437 1072 3527 Auguste,
1082 3436 1163 3504 licet
1178 3435 1253 3527 ejus
1268 3435 1386 3504 lihidi-

326 3551 428 3620 nibus
448 3552 610 3635 obstaret,
631 3553 938 3624 familiarisfuerit.

389 3669 460 3738 Nos
475 3691 557 3738 vero
568 3693 639 3738 non
649 3670 739 3760 fugit
753 3671 890 3762 anquiri
899 3692 1001 3762 posse
1013 3693 1074 3739 cur
1083 3669 1265 3752 Maeones,
1278 3691 1387 3761 quum

327 3794 362 3854 et
380 3793 473 3854 tanta
492 3787 602 3875 gratia
616 3787 708 3878 apud
730 3787 956 3857 Octavianum
975 3787 1146 3856 Caesarem
1165 3794 1331 3870 uteretur,
1354 3793 1388 3854 et

324 3901 544 3970 clementium
558 3904 762 3996 plerumque
781 3903 952 3987 suaderet,
970 3926 1042 3972 non
1055 3903 1238 3995 pervicerit
1253 3911 1293 3972 ut
1305 3923 1387 3995 pro-‘

370 4066 392 4113 1.
412 4061 460 4123 LV,
472 4063 497 4112 7.

370 4144 394 4193 2.
412 4142 471 4203 nio,
484 4143 533 4203 LV,
549 4146 571 4194 7.
