3130 5064
629 533 771 585 ..15-

164 674 257 719 nuno
277 651 552 722 dissimulatione
573 652 710 736 delusit,
736 663 770 720 et
792 654 865 744 jam
884 663 1088 747 praereptam
1106 655 1148 723 ab
1163 656 1233 723 An-

164 767 260 834 tonio
275 767 359 836 Julii
375 768 518 836 casaris
534 768 760 838 hereditatem
775 769 839 836 sibi
863 770 1014 861 denique
1029 770 1232 840 vindicavit?

165 882 319 964 Quarum
339 884 495 952 omnium
509 907 626 953 rerum
640 908 819 954 suasorem
839 895 874 952 et
891 886 1101 955 monitorem
1114 887 1233 955 Maee-

165 1007 280 1066 natem
299 998 405 1067 fuisse
425 1000 649 1092 comprobare
665 1001 849 1092 nequimus
868 1024 874 1069 :
896 1001 982 1070 illud
998 1010 1132 1070 tantum
1147 1026 1231 1071 con-2

159 1114 351 1202 tendimus,
376 1116 528 1184 consiliis
553 1127 587 1184 et
612 1117 773 1208 prasidio
799 1117 1024 1186 Octavianum
1038 1118 1080 1185 'in
1100 1118 1233 1186 difficile
1287 1149 1291 1156 ³

164 1229 247 1298 limo
263 1231 322 1300 illo
342 1234 520 1324 potestatis
540 1257 610 1302 suae
637 1233 849 1302 incremento
875 1233 1033 1322 eguisse:
1054 1234 1231 1303 neminem

165 1356 279 1414 autem
306 1349 449 1438 reperiri
471 1371 583 1440 posse,
611 1350 677 1417 nisi
701 1328 935 1432 Maecenatem,
958 1372 1061 1441 aquo
1083 1349 1230 1418 consilia

165 1469 199 1528 et
212 1463 451 1552 adjumentum
463 1464 643 1556 acceperit.
657 1466 746 1534 Nam
756 1466 798 1533 ab
813 1456 979 1556 Agrippa,
993 1465 1100 1533 altero
1117 1464 1231 1556 incep-

165 1586 279 1646 torum
303 1580 409 1663 socio,
430 1581 540 1670 magis
560 1581 596 1649 in
615 1580 796 1650 militando
812 1581 939 1648 seimus
964 1603 1044 1650 eum
1065 1603 1170 1672 quarn
1194 1580 1230 1647 in

166 1694 377 1763 consulendo
394 1696 561 1788 adjutum.

231 1810 333 1891 Quod
353 1812 381 1878 si
405 1812 447 1879 ad
470 1812 667 1880 Maecenatis
687 1835 796 1902 genus
825 1820 858 1880 et
887 1811 1045 1880 ordinem
1069 1833 1230 1902 respexe-

164 1925 286 2008 rimus,
304 1937 471 2018 quantum
491 1928 678 1996 Octaviano
700 1927 865 2020 prodesse
881 1927 954 2017 jam
973 1936 1046 1995 tum
1064 1926 1228 2018 potuerit,
1325 1971 1327 1976 ι

165 2041 264 2109 facile
285 2043 529 2132 intelligemus.
548 2044 708 2135 Equestri
725 2044 845 2112 ordine
862 2066 947 2132 gens
962 2043 1073 2112 Cilnio
1091 2052 1176 2124 erat,
1197 2050 1231 2128 et

165 2156 201 2224 in
221 2180 262 2226 eo
279 2158 420 2250 quidem
433 2160 622 2249 plurimum
636 2160 797 2251 pollebat.
816 2161 861 2229 M.
886 2161 1020 2258 Tullius
1043 2160 1079 2228 C.
1107 2160 1230 2228 Maece-
1274 2203 1276 2207 -

165 2283 281 2342 netem
292 2275 477 2365 quemdam
492 2276 582 2345 inter
597 2275 674 2344 illos
690 2275 824 2368 equites
834 2298 996 2344 romanos
1011 2283 1227 2358 annumerat,

165 2390 224 2480 qui
237 2390 353 2479 legem
373 2413 435 2458 suo
452 2391 565 2459 ordini
585 2392 767 2460 molestam
787 2399 820 2458 et
834 2391 992 2482 judicum
1011 2391 1160 2460 libertati
1176 2392 1230 2458 in-

165 2507 382 2575 commodam
399 2508 544 2576 aDruso
565 2507 704 2576 tribuno
728 2507 839 2598 plebis
859 2515 893 2575 et
911 2531 931 2574 a
949 2506 1128 2574 nobilitate
1147 2505 1229 2575 ferri

163 2645 235 2690 non
249 2623 342 2712 passi
362 2633 477 2706 erant;
505 2647 592 2714 quos
611 2632 752 2714 propter
766 2646 865 2692 suam
885 2623 921 2690 in
943 2622 1135 2690 resistendo
1151 2645 1231 2690 con·

164 2739 325 2806 stantiam
339 2739 521 2828 magnifiee
536 2739 654 2808 laudat
668 2739 714 2807 M.
734 2739 868 2808 Tullius
884 2747 918 2806 et
935 2767 950 2801 «
971 2738 1098 2806 robora
1110 2738 1228 2828 populi

163 2853 299 2921 romani
320 2882 335 2916 »
352 2863 454 2922 vocat
469 2857 492 2921 ¹.
516 2854 650 2937 Quanta
674 2855 781 2944 igitur
799 2853 904 2930 fuerit
928 2853 1021 2921 illius
1046 2854 1083 2922 C.
1106 2853 1230 2921 Maece-

162 2969 253 3036 natis
268 2970 359 3061 apud
374 2971 507 3062 equites
523 2971 720 3053 auctoritas,
738 2971 816 3062 quis
831 2993 902 3038 non
920 2970 1041 3038 videt?
1059 2969 1229 3048 Eumdem

161 3065 245 3152 vero
261 3085 457 3154 Maecenatis
472 3087 580 3154 nostri
596 3095 655 3154 aut
669 3109 773 3155 avum
787 3086 893 3153 fuisse
909 3093 968 3152 eut
981 3093 1115 3177 patrem
1128 3085 1228 3152 multi
1311 3120 1318 3138 ·

163 3199 395 3283 crediderunt,
419 3224 531 3292 neque
556 3202 627 3270 ulla
652 3224 754 3269 causa
786 3210 838 3268 est
861 3224 922 3269 cur
945 3200 1071 3268 infitias
1095 3223 1225 3294 eamus.

164 3314 350 3403 Sanguinis
369 3325 460 3384 certe
475 3318 612 3408 utrique
633 3317 913 3407 conjunctionem
927 3317 1033 3386 fuisse
1052 3340 1114 3408 pro
1136 3327 1228 3388 certo

161 3429 371 3500 habendum.
390 3433 573 3516 Praeterea,
592 3456 736 3502 avorum
751 3442 825 3502 tum
835 3433 1027 3518 nobilitate,
1045 3424 1118 3503 turn
1125 3435 1229 3502 rebus

164 3529 268 3639 gestis
284 3570 388 3638 quam
402 3549 607 3640 conspicuus
626 3550 794 3617 Maecenas
812 3549 927 3633 fuerit,
949 3549 1125 3632 Horatius,
1139 3551 1230 3618 Pro·

162 3663 305 3754 pertius,
321 3664 491 3756 multique
502 3664 560 3732 alii
572 3687 635 3733 nos
646 3664 782 3732 docent.
797 3666 985 3733 Famaerat
995 3688 1074 3734 eum
1092 3666 1230 3734 «atavis

163 3779 302 3866 regibus
334 3788 358 3863 ²,
378 3809 393 3843 »
420 3780 564 3848 Etruniae
590 3780 767 3871 quondam
795 3779 1065 3861 Lucumonibus
1097 3779 1228 3849 editum

209 4060 231 4107 l.
248 4057 299 4107 Cic.
312 4058 362 4106 Pro
375 4057 500 4119 Cluentio,
512 4060 550 4108 56.

209 4140 231 4186 2.
245 4139 307 4186 Hor.
324 4137 409 4186 Germ.
424 4139 444 4198 1,
456 4153 473 4198 r,
489 4143 512 4187 1.
