3130 5064
808 557 950 612 ..70-

341 683 413 775 jus,
430 680 525 773 quod
544 679 587 752 ad
601 685 652 748 tot
670 677 828 747 hemines
844 675 917 768 jem
935 677 1151 768 pervenerat
1174 675 1336 747 etiamad
1356 701 1412 747 ce·

348 806 442 866 teres
457 796 585 864 sensim
595 795 777 886 pervenire
792 816 893 886 posse
909 793 1115 862 crediderit?
1129 793 1229 863 Adde
1239 795 1334 887 qued
1348 794 1413 864 hcc

350 913 464 1005 ipsum
475 912 604 1003 optime
619 934 698 980 cum
712 911 846 1002 reliqua
857 911 1053 978 Maecenatis
1068 911 1224 980 oratione
1240 909 1411 999 congruit,

348 1053 417 1122 qua
428 1037 461 1098 et
470 1027 735 1120 provincialium
745 1027 936 1118 praeeipucs
947 1027 983 1095 in
994 1035 1152 1096 senatum
1162 1025 1408 1119 coaptandae,

348 1155 383 1216 et
396 1145 585 1214 immanem
604 1144 699 1213 illem
712 1143 922 1235 populorum
936 1143 1186 1236 nationumque
1201 1143 1411 1227 societatem,

348 1285 393 1332 ex
410 1285 479 1354 qua
502 1261 688 1353 imperium
706 1261 903 1330 Romanum
923 1261 1112 1342 constabat,
1130 1259 1167 1328 in
1185 1283 1291 1328 unam
1315 1260 1414 1353 quasi
1453 1343 1461 1356 .

348 1385 489 1468 gentem
513 1377 576 1446 uni
601 1377 748 1468 principi
776 1384 954 1468 parentem
983 1375 1250 1446 convertendam
1277 1385 1411 1460 censet;

349 1492 443 1562 unde
471 1493 629 1560 nationes
656 1500 807 1574 menete,
837 1492 1049 1584 ponderibus
1078 1516 1117 1560 ac
1139 1492 1323 1575 mensuris
1342 1491 1415 1582 jem

283 1599 285 1604 ’
348 1632 422 1678 non
441 1608 526 1676 elias
548 1608 637 1691 aliis,
667 1607 728 1676 sed
752 1631 874 1676 omnes
901 1609 943 1676 iis
971 1617 1105 1678 tentum
1124 1632 1204 1701 quae
1233 1608 1325 1700 apud
1343 1609 1415 1678 Re-

349 1747 472 1796 manos
499 1725 654 1806 valcant,
683 1725 733 1792 uti
762 1724 888 1793 debere
914 1725 1094 1794 denuntiat
1114 1726 1157 1795 ²:
1186 1725 1270 1817 quin
1297 1724 1412 1807 etiam,

350 1864 408 1914 eas
430 1865 538 1934 prope
558 1841 700 1910 omnino
724 1849 817 1910 vetet
836 1865 915 1910 cum
938 1842 1013 1933 ipsc
1028 1841 1183 1934 principe
1202 1865 1265 1934 per
1282 1843 1416 1930 legatos

349 1957 544 2050 quidquam
562 1957 706 2028 rationis
725 1957 865 2041 habere,
880 1958 941 2026 sed
960 1959 1117 2050 praecipit
1135 1966 1174 2026 ut
1187 1983 1208 2026 a
1225 1981 1416 2051 proconsu-

349 2074 441 2144 libus
456 2082 590 2142 tantum
610 2081 644 2142 et
661 2074 826 2165 principis
840 2073 990 2157 vicariis,
1007 2083 1066 2144 eut
1080 2099 1158 2167 quae
1179 2073 1418 2167 exoptaverint

349 2197 479 2282 petent,
502 2197 561 2258 erat
580 2191 674 2282 quod
692 2190 840 2282 principi
858 2191 1026 2283 placuerit
1050 2190 1220 2283 accipiant
1242 2201 1271 2274 ⁸3
1303 2190 1350 2259 ita
1379 2169 1427 2259 ut*

350 2307 508 2376 oratione
531 2307 729 2376 Maecenatis
752 2308 867 2397 imago
897 2306 1055 2399 quaedam
1083 2306 1229 2399 exprimi
1256 2306 1416 2375 videatur

348 2423 456 2508 illiue,
470 2447 547 2516 quae
558 2425 621 2496 sub
635 2448 706 2493 unc
722 2447 805 2514 rege
820 2425 856 2494 in
871 2424 1008 2494 civitetc
1023 2424 1112 2492 bene
1123 2423 1281 2495 ordinata
1291 2422 1415 2491 florere

351 2541 452 2624 Solet,
469 2549 617 2634 ἱεραρχίας.

418 2657 533 2741 Quum
552 2656 658 2746 igitur
672 2657 709 2725 in
723 2657 881 2726 eratione
901 2657 1097 2727 Maecenatis
1114 2656 1207 2748 apud
1220 2657 1370 2726 Dionem
1384 2667 1417 2726 et

352 2774 463 2842 multa
487 2783 669 2842 occurrant
690 2798 766 2866 quae
800 2775 843 2842 ed
868 2773 1027 2844 effectum
1050 2796 1229 2867 nunquam
1253 2773 1417 2866 perducta

350 2890 431 2972 sint,
456 2898 489 2958 et
511 2912 631 2960 rursus
646 2876 806 2983 quadam
821 2891 935 2960 absint
947 2913 1023 2982 quas
1039 2891 1157 2959 effecta
1171 2899 1293 2982 postea
1310 2889 1417 2958 fuisse

349 3007 547 3090 uideamus,
578 3015 612 3078 et
639 3007 726 3076 nihil
747 3008 915 3077 Maecenas
937 3005 1080 3075 suadeat
1099 3007 1193 3099 quod
1222 3007 1417 3096 excogitare

347 3147 422 3200 nen
449 3124 617 3216 potuerit,
645 3147 725 3193 eum
756 3125 987 3215 plurimorum
1019 3147 1096 3217 quae
1124 3123 1272 3192 suasisse
1309 3123 1417 3192 fertur

349 3241 464 3332 reipsa
495 3249 672 3310 auctorem
701 3241 871 3310 exstitisse
890 3241 1181 3312 verisimillimum
1200 3249 1262 3310 est.
1285 3241 1416 3332 Nempe

351 3353 489 3424 Cassius
511 3355 577 3424 Die
605 3357 715 3424 multa
743 3365 818 3426 tum
840 3358 882 3424 ah
906 3358 1078 3448 Augusto,
1104 3367 1179 3426 tum
1202 3357 1244 3426 ab
1263 3357 1417 3448 Agrippa
1455 3372 1458 3378 '
1552 3361 1553 3426 1

349 3471 499 3564 ipseque
518 3471 703 3540 Maecenate
721 3472 849 3564 scripta
870 3473 906 3540 in
926 3473 1085 3544 manibus
1109 3473 1230 3542 habuit
1245 3474 1269 3557 ⁴5
1291 3473 1415 3566 quibus
1499 3565 1502 3572 ¹

399 3713 495 3775 11110,
511 3715 564 3774 LII,
583 3717 621 3766 19.

394 3800 419 3848 2.
434 3797 513 3858 ibid„
525 3812 547 3848 e.
562 3811 625 3848 xxx.

395 3879 420 3926 3.
436 3876 503 3926 lbid.

395 3957 418 4006 1.
434 3955 492 4006 Vid.
506 3958 599 4022 Egger‚
613 3971 655 4022 ep.
671 3957 754 4021 laun,
774 3975 801 4025 p.
817 3963 846 4012 16
860 3975 933 4026 aqq.;
950 3963 977 4012 31
996 3974 1052 4026 sqq.
1069 3987 1098 3996 -
1113 3957 1190 4018 Quod
1206 3957 1240 4007 ad
1255 3958 1417 4008 commente-

347 4035 403 4086 rios
418 4036 548 4099 quosdam
565 4038 737 4089 aMaecenate
753 4040 915 4104 compositos
937 4043 1045 4104 spectet,
1061 4038 1115 4088 rid.
1132 4039 1204 4098 Hor,
1223 4037 1309 4087 Germ.
1329 4052 1356 4097 u,
1379 4037 1416 4094 11,
1552 4077 1553 4092 .

347 4117 378 4176 9;
392 4115 513 4166 Servium
523 4117 557 4166 ad
568 4117 670 4182 Gecrq„
681 4120 714 4180 11,
725 4115 921 4182 mennaei.
931 4123 987 4170 net.
999 4120 1053 4180 VII,
1066 4121 1109 4180 463
1123 4118 1268 4180 Frandseu‚
1283 4119 1415 4178 Maecenate,
1552 4155 1553 4160 ¹

347 4209 374 4260 p.
389 4197 434 4246 168
445 4209 502 4261 sqq.
