3130 5064
785 489 929 543 ..24..

321 621 479 702 praeerat,
511 620 545 679 et
567 611 611 680 Μ.
643 611 817 679 Antonius
836 610 995 702 plurimis
1023 611 1202 680 navalibus
1222 613 1389 681 terrestri-

322 727 456 818 busque
472 727 580 818 copiis
599 727 719 811 fretus,
737 750 832 796 arma
851 727 1116 811 consociassent,
1140 727 1181 796 de
1201 727 1388 798 Octaviano

324 850 437 911 actum
464 851 547 911 erat.
577 844 662 912 Eam
689 843 795 933 igitur
827 843 1026 912 societatem
1058 852 1096 912 ut
1128 854 1304 937 rumperet
1334 845 1390 913 vel

322 959 529 1051 praepediret
542 959 628 1026 nihil
640 960 869 1028 omittendum
880 982 954 1028 esse
965 969 1070 1043 ratus,
1084 968 1157 1029 tum
1168 960 1386 1051 Pompeium,

322 1083 397 1143 tum
415 1075 607 1143 Antonium
627 1074 670 1143 ad
690 1099 725 1144 se
749 1099 923 1159 revocare,
954 1085 1014 1145 aut
1042 1075 1163 1144 saltem
1182 1076 1306 1144 abello
1327 1077 1388 1144 de-

322 1199 463 1273 terrere,
503 1191 710 1261 Octavianus
744 1192 954 1283 quibuslibet
991 1193 1121 1260 artibus
1150 1201 1293 1261 conatus
1322 1201 1384 1260 est.

323 1304 479 1376 Primum
505 1329 604 1377 suam
632 1309 799 1400 Pompeio
833 1317 978 1376 matrem
1002 1309 1151 1376 Muciam
1173 1309 1279 1391 misit,
1311 1331 1387 1400 quae

323 1424 440 1513 gratia
465 1424 781 1493 reconciliationem
804 1429 967 1516 pararet¹
993 1447 1000 1492 :
1029 1425 1195 1517 Pompeio
1229 1448 1310 1496 vero
1337 1448 1389 1494 re-

322 1549 463 1623 nuente,
485 1541 528 1608 ad
550 1541 745 1608 Maecenatis
775 1563 877 1631 opem
901 1539 1108 1638 Octavianus
1131 1541 1287 1610 recurrit.
1310 1543 1389 1610 Mae-

323 1677 425 1724 cenas
458 1680 529 1724 non
553 1657 667 1748 ipsum
696 1657 731 1726 S.
756 1657 974 1747 Pompeium,
997 1680 1101 1749 quem
1128 1657 1240 1726 alieno
1270 1660 1386 1727 animo

323 1794 397 1840 esse
412 1772 562 1855 videbat,
576 1773 636 1840 sed
647 1773 804 1863 Pompeii
821 1795 977 1840 socerum
988 1773 1157 1841 Libonem
1168 1775 1323 1857 tentavit,
1336 1775 1388 1845 lit·

323 1897 482 1979 terasque
498 1889 649 1956 ostendit
664 1888 728 1956 sibi
744 1889 786 1956 ab
811 1889 997 1958 Octaviano
1017 1884 1170 1971 missas,
1185 1890 1309 1980 quibus
1329 1889 1386 1958 ille

323 2028 477 2072 sororem
495 2005 639 2074 Libonis
655 2005 871 2074 Scriboniam
886 2006 922 2074 in
932 2005 1192 2074 matrimonium
1206 2006 1344 2098 petebat
1359 2015 1384 2074 ²1.

323 2120 423 2202 Quod
450 2121 633 2189 consilium
662 2131 783 2213 sponte
808 2145 870 2190 sua
898 2121 1105 2191 Octavianus
1130 2145 1174 2189 an
1202 2122 1387 2190 Maecenate

322 2226 488 2304 suadente
517 2238 645 2320 inierit,
678 2237 848 2306 incertum
876 2237 1099 2306 :Maecenatis
1129 2239 1251 2306 saltem
1283 2260 1387 2329 opera

323 2375 406 2422 usus
426 2363 489 2436 est,
508 2355 567 2445 qui
583 2363 676 2422 tanta
692 2354 920 2422 solertiorem
939 2340 1056 2443 gessit,
1081 2363 1120 2423 ut
1140 2354 1226 2422 Libo
1247 2375 1318 2422 non
1338 2377 1388 2422 re-

322 2492 493 2560 pugnans,
515 2478 549 2538 et
569 2471 666 2561 quasi
691 2471 837 2552 illectus,
864 2469 906 2538 ad
927 2469 1180 2561 expediendum
1203 2470 1388 2558 negotium

323 2607 403 2653 suos
441 2586 663 2655 vehementer
705 2586 749 2653 sit
781 2585 992 2654 adhortatus.
1033 2586 1249 2654 Scriboniam
1281 2587 1406 2671 fuisse¹

321 2701 435 2793 reipsa
471 2702 508 2768 in
536 2702 795 2769 matrimonium
828 2702 869 2768 ab
904 2701 1090 2770 Octaviano
1125 2702 1274 2785 ductam,
1310 2703 1387 2794 quis

322 2817 455 2885 nescit?
470 2819 544 2885 Hoc
562 2839 703 2908 prorsus
732 2817 872 2909 obliquo
897 2826 932 2886 ct
955 2818 1088 2886 occulto
1113 2817 1235 2886 itinere
1254 2841 1326 2896 non
1344 2819 1388 2886 ad

322 2934 358 3001 id
377 2932 519 3025 quidam
541 2943 746 3024 perventum
766 2942 818 3002 est
841 2943 879 3002 ut
898 2933 933 3002 S.
959 2934 1146 3025 Pompeius
1169 2943 1303 3003 veteres
1325 2935 1401 3002 ini:

322 3049 470 3119 micitias
495 3059 637 3119 exueret
661 3073 668 3118 :
693 3058 870 3142 peractum
894 3058 1009 3118 tamen
1037 3058 1076 3118 ut
1094 3058 1208 3142 partes
1230 3050 1316 3142 ejus,
1338 3074 1388 3146 se·

318 3167 440 3258 juncto
461 3176 494 3234 ct
514 3167 550 3233 in
569 3175 704 3258 tempus
724 3166 915 3234 abalienato
939 3167 1085 3247 Libone,
1113 3189 1255 3236 summae
1275 3176 1388 3236 aucto·

315 3283 432 3350 *ritatis
453 3283 541 3366 viro,
564 3284 713 3351 multum
730 3282 865 3350 roboris
885 3291 919 3350 ct
938 3281 1154 3352 confidentia
1177 3283 1382 3352 amitterent.

315 3398 421 3468 ‘Unde
446 3399 593 3488 intelligi
615 3408 729 3490 potest
751 3408 888 3490 quantae
912 3398 1051 3468 utilitati
1075 3399 1261 3468 Octaviano
1284 3399 1388 3468 luerit

323 3517 396 3585 haec
412 3517 618 3600 conciliatio,
641 3517 738 3608 cujus
752 3519 933 3600 Maecenas,
951 3517 979 3585 si
990 3541 1062 3586 non
1072 3525 1202 3600 auctor,
1220 3517 1388 3609 interpres

314 3641 412 3700 certe
427 3633 536 3703 evasit
550 3633 781 3704 felicissimus.

338 3760 340 3764 '
389 3745 503 3832 Quum
523 3759 638 3820 autem
653 3751 787 3819 nullum
802 3751 908 3820 ictum
923 3758 1013 3819 esset
1027 3754 1105 3819 oum
1125 3750 1200 3842 ipso
1219 3751 1391 3842 Pompeio·

321 3866 445 3949 foedus,
468 3866 662 3960 classesque
683 3867 757 3958 ejus
776 3867 884 3936 Italia
901 3867 1031 3956 littora
1053 3876 1188 3937 vastare
1212 3889 1282 3936 non
1302 3866 1389 3939 desi-

368 4051 391 4096 l.
407 4048 466 4107 DIo,
477 4048 586 4108 XLVIII,
603 4050 641 4098 It.

368 4129 391 4176 2.
407 4127 471 4193 App.
485 4128 548 4179 Ball.
564 4131 610 4179 cio.
626 4129 655 4190 V,
671 4133 709 4180 53.
