3130 5064
809 552 842 566 -
863 527 896 580 42
917 551 950 565 -

347 651 461 736 διῴκησε
491 653 514 716 ¹.
545 638 676 717 Eodem
695 648 806 717 Dione
826 656 977 730 auctore,
1001 671 1109 740 quum
1130 648 1336 717 Octavianus
1366 650 1413 718 ad

348 763 591 834 debellandum
608 764 800 833 Antonium
825 764 1000 856 profectus
1026 773 1128 846 esset,
1149 764 1323 833 Maecenati
1344 769 1411 842 ἥτε

348 885 435 968 Polus]
450 888 495 949 καὶ
509 895 526 962 ἡ
539 887 618 962 λοιπὴ
639 887 740 950 Ἰταλία
755 889 950 972 προσετέτακτο
961 887 985 947 ²ss
1004 880 1087 962 Quae
1101 880 1218 962 verbu,
1230 881 1296 948 nisi
1316 881 1411 972 quod

348 993 464 1064 Graeco
484 1017 643 1065 sermone
657 995 723 1064 Dio
743 995 879 1065 Cassius
898 996 1017 1079 utitur,
1035 996 1076 1064 ab
1092 996 1160 1064 illis
1171 997 1280 1065 Taciti
1294 996 1410 1067 vorbis

347 1111 530 1204 exquibus
548 1113 729 1204 praescntis
748 1111 851 1202 hujus
866 1112 987 1204 capitis
1006 1113 1145 1181 titulum
1164 1114 1408 1204 expressimus,

345 1228 405 1298 vix
420 1227 615 1320 discrepant
627 1251 634 1297 :
647 1256 663 1292 α
675 1229 853 1318 Augustus
869 1227 1019 1297 Cilnium
1033 1228 1268 1312 Maecenatem,
1286 1252 1411 1321 eques-

345 1345 406 1412 tris
420 1344 564 1426 ordinis,
582 1344 714 1413 cunctis
733 1346 825 1439 apud
844 1346 990 1414 Romam
1007 1354 1110 1438 atque
1125 1346 1260 1414 ltaliam
1273 1369 1411 1438 praepo-

343 1462 412 1530 suit
433 1464 458 1528 ³.
478 1488 494 1523 »
517 1460 554 1529 Si
569 1461 613 1529 ad
627 1461 801 1532 Velleium
815 1462 1036 1530 Paterculum
1060 1471 1092 1530 te
1108 1463 1330 1546 converteris,
1346 1461 1413 1531 fuit

340 1568 509 1637 Maecenas
540 1567 737 1636 «custodiis
761 1567 862 1637 Urbis
882 1568 1087 1660 praepositus
1110 1571 1134 1635 ⁴.
1160 1597 1175 1632 a
1198 1568 1322 1637 Itidem
1344 1569 1412 1636 ele-

340 1675 405 1766 qiae
428 1677 464 1744 ic
487 1677 614 1746 obitum
636 1675 826 1745 Maecenatis
849 1674 1000 1744 incertus
1024 1683 1143 1744 auctor
1162 1698 1242 1744 eum
1263 1704 1279 1738 «
1296 1685 1412 1745 custo-

325 1791 423 1860 ·dem
447 1793 581 1861 Urbis»
603 1799 705 1862 vocat
724 1796 748 1859 ⁵.
771 1792 847 1874 Quo
872 1791 1013 1859 nomine
1033 1790 1138 1860 fuisse
1159 1792 1301 1883 quidem
1322 1815 1412 1883 prae·

344 1907 453 1977 tectos
472 1908 574 1978 Urbis
594 1908 768 1977 interdum
783 1907 973 2002 appellatos
992 1930 1063 1976 non
1077 1929 1141 1976 nos
1155 1908 1245 1998 fugit
1264 1921 1274 1956 ⁸
1295 1931 1302 1976 :
1323 1931 1412 1999 prae-

347 2032 455 2108 terea,
477 2047 585 2118 quum
601 2025 639 2093 in
656 2024 722 2093 hoc
736 2025 921 2092 Annalium
940 2024 1016 2092 loco
1038 2047 1143 2116 quem
1168 2025 1272 2106 modo
1292 2025 1413 2094 retuli.

346 2165 424 2211 mus
444 2142 486 2211 de
499 2142 703 2234 praefectura
716 2141 818 2210 Urbis
839 2139 978 2209 Tacitus
992 2148 1082 2230 agat,
1107 2147 1142 2208 et
1157 2163 1234 2232 quae
1248 2140 1311 2208 sub
1325 2141 1414 2230 regi-

347 2259 424 2342 bus,
446 2282 523 2350 quae
547 2268 668 2351 postea
682 2258 718 2327 in
741 2258 852 2326 libera
876 2257 1013 2327 civitate
1035 2256 1152 2340 fuerit,
1168 2280 1245 2349 quaa
1273 2257 1413 2339 tandem

347 2374 411 2459 sub
429 2374 588 2465 Augusto
608 2375 902 2468 sequentibusque
918 2374 1131 2468 principibus
1150 2374 1239 2457 facta
1258 2373 1312 2458 sit,
1333 2373 1413 2442 bre-

346 2491 434 2560 viter
453 2492 607 2575 edoceat,
624 2491 719 2560 nulla
735 2500 825 2559 esset
839 2513 941 2561 causo
960 2514 1021 2558 cur
1034 2491 1203 2560 Maecenas
1218 2490 1265 2559 ibi
1284 2513 1413 2560 memo-

345 2616 491 2690 raretur,
508 2607 575 2676 nisi
595 2608 817 2676 Maecenatem
832 2607 969 2676 Tacitus
990 2608 1157 2675 intereos
1182 2585 1413 2686 annumeran-¹

346 2725 430 2793 dum
457 2747 531 2792 esse
565 2723 832 2792 existimavisset
864 2723 924 2817 qui
952 2724 1158 2815 praefecturo
1172 2723 1273 2792 Urbis
1305 2723 1413 2792 semoti

345 2850 471 2910 essent.
502 2840 611 2910 Abest
638 2839 864 2908 nihilominus
883 2839 998 2932 ipsum
1008 2840 1165 2930 prefecti
1193 2840 1289 2908 Urbes
1316 2863 1414 2909 voca·

346 2957 479 3028 bulum.

390 3073 533 3143 Accedit
552 3072 746 3142 difficultati
770 3072 865 3165 quod
882 3072 918 3140 in
941 3072 1102 3140 Beroensi
1127 3071 1266 3162 Virgilii
1281 3072 1410 3156 codice,

348 3190 439 3260 inter
470 3190 596 3259 scholio
611 3190 655 3258 ad
681 3189 862 3280 Georgica,
888 3210 997 3257 unum
1026 3189 1174 3257 occurrit
1191 3187 1245 3257 his
1272 3190 1412 3258 omnino

347 3306 461 3376 verbis
477 3306 643 3397 scriptum
666 3329 673 3374 :
697 3334 713 3369 «
730 3306 1089 3397 Maeoonaspraesectos
1099 3306 1261 3397 pretorio
1276 3306 1354 3389 fuit,
1371 3305 1414 3373 ad

346 3445 451 3516 quem
482 3421 563 3491 fecit
590 3420 758 3510 Virgilius
785 3423 961 3513 Georqc'ca,
990 3430 1029 3491 ut
1060 3422 1234 3492 Hesiodus
1267 3423 1310 3493 ad
1329 3423 1413 3505 Per·

391 3763 417 3810 1.
438 3757 498 3808 Dio.
514 3755 596 3817 Coss,
610 3755 693 3815 XLlll,
708 3757 745 3804 16.

394 3841 418 3890 2.
434 3835 484 3899 ld,
499 3837 539 3896 LI,
554 3838 579 3886 3.

362 3969 364 3979 ,
394 3922 419 3972 3.
433 3920 493 3969 Tac.
509 3917 588 3978 Ana,
603 3917 646 3977 Vl,
662 3919 700 3966 tt.

395 4001 419 4050 t.
434 3998 500 4052 Vetl.
518 3999 629 4059 Patere,
642 3999 666 4056 2,
682 3998 720 4047 88.

395 4082 421 4215 ξ6.
433 4080 533 4228 lydda,
550 4157 582 4210 dc
595 4153 790 4224 Moqistcotitos
801 4156 865 4222 reip.
882 4147 1002 4219 romania,
1015 4158 1035 4218 1,
1051 4159 1089 4208 38.
