3130 5064
790 541 825 558 .-
846 517 879 571 9‘2
901 544 934 556 .,

328 640 376 708 ita
395 615 601 730 composuit,
624 646 662 707 ut
687 646 720 705 et
743 637 887 706 caesaris
910 638 1143 708 reverentiam
1167 641 1329 710 omnibus
1349 639 1398 710 in-

324 753 459 845 jiceret,
476 761 510 822 et
523 739 643 845 populi
658 752 814 822 lavarem
833 753 899 822 sibi
920 755 1130 824 conciliaret.

395 870 580 940 Restinctis
609 870 748 938 tandem
776 869 935 941 civilibus
956 871 1077 954 bellis,
1107 872 1290 956 Maecenas,
1320 897 1398 944 cum

328 987 486 1076 Augusto
501 986 770 1054 familiarissima
790 987 1040 1056 consuetudine
1062 987 1280 1080 conjunctus,
1297 998 1331 1058 et
1354 991 1397 1060 ab

328 1127 368 1172 eo
392 1103 581 1194 saepissime
601 1103 644 1171 da
670 1103 773 1171 rebus
792 1103 940 1195 publicis
968 1105 1051 1196 quid
1080 1098 1223 1175 sentiret
1245 1105 1395 1176 interro·

326 1228 439 1309 gatus,
457 1219 587 1311 optime
603 1241 680 1311 quae
700 1219 858 1288 iacienda
873 1230 988 1288 essent
998 1220 1191 1304 admonuit,
1210 1245 1249 1290 ac
1267 1245 1396 1292 novam

326 1335 524 1429 reipublicae
558 1319 719 1424 gerendae
755 1336 927 1428 rationem
960 1345 994 1404 et
1021 1337 1169 1406 formam
1198 1361 1325 1428 magna
1354 1362 1398 1408 ex

325 1462 421 1544 parte
450 1452 670 1541 excogitavit.
700 1453 789 1522 Tum
818 1452 1021 1544 principem,
1047 1475 1091 1522 na
1115 1443 1321 1547 potestatem
1340 1479 1396 1524 re-

326 1569 418 1658 giam
433 1567 592 1636 affectare
603 1576 663 1636 aut
678 1567 851 1638 civitatem
865 1569 1197 1653 mutarevideretur,
1216 1569 1394 1653 deterruit,

325 1687 367 1755 ad
391 1686 607 1754 iracundiam
627 1695 660 1754 et
680 1685 919 1755 crudelitatem
942 1709 1091 1778 pronum
1114 1687 1279 1771 cohibuit,
1303 1688 1396 1774 illius

325 1802 475 1894 denique
508 1801 687 1870 modestiae
721 1811 840 1872 auctor
867 1802 933 1870 fuit
961 1825 1030 1895 qua
1058 1803 1290 1897 principatum
1326 1805 1398 1872 Au·

324 1895 446 2014 gustus
466 1920 541 1988 sine
561 1919 693 1988 offensa
711 1929 763 1988 tot
778 1942 888 1988 annos
907 1920 1078 1988 toleravit.
1270 2005 1274 2012 ι

392 2035 623 2118 Postremum,
642 2059 686 2103 ne
705 2036 919 2128 principatus
938 2037 997 2103 illo
1017 2045 1077 2103 aut
1096 2043 1302 2104 ornamento
1321 2034 1394 2104 ullo

324 2163 384 2222 aut
403 2153 557 2221 subsidio
573 2144 716 2235 careret,
738 2153 911 2220 Maecenas
925 2161 1046 2243 poetas
1062 2160 1095 2219 et
1114 2151 1283 2220 litteratos
1298 2151 1395 2244 prin-

324 2267 391 2360 cipi
408 2267 592 2337 obstrinxit
612 2277 645 2337 et
660 2268 905 2337 honestissimo
921 2267 1113 2360 patrocinio
1125 2267 1223 2351 fovit,
1245 2261 1395 2360 quorum

324 2384 460 2477 scriptis
480 2384 718 2476 operibusque
749 2383 991 2476 pulcherrimis
1019 2367 1258 2452 Romanorum
1287 2383 1398 2452 animi·

323 2501 553 2571 admiratione
577 2501 860 2593 percellerentur,
887 2501 1021 2569 amissae
1049 2499 1217 2569 libertatis
1236 2481 1395 2570 dolorem

322 2617 547 2709 deponerent,
576 2614 617 2714 set
661 2617 703 2685 de
738 2641 829 2686 novo
868 2616 1026 2712 civitatis
1052 2625 1143 2685 statu
1180 2617 1390 2685 laetarentun

321 2735 442 2826 ltaque
457 2733 517 2802 illo
533 2735 609 2826 ipso
625 2743 793 2826 tempora,
811 2757 894 2826 quo,
912 2733 1166 2827 aliquantulum
1181 2733 1224 2800 ab
1234 2733 1392 2822 Augusto

321 2851 513 2940 neglectus,
541 2850 577 2918 in
602 2851 712 2919 otium
734 2851 974 2942 privatamque
997 2850 1104 2919 vitam
1124 2871 1160 2917 se
1185 2849 1390 2932 contulerat,

322 2989 393 3036 non
401 2967 517 3036 minus
527 2967 693 3060 principis
704 2965 898 3035 commodis
909 2965 1196 3058 consuluitquam
1209 2964 1321 3057 'quum
1336 2975 1395 3034 aut

320 3084 514 3152 Antonium
552 3084 739 3152 Tarentina
780 3105 863 3174 pace
895 3083 1142 3164 ludificaretur,
1177 3091 1237 3149 aut
1273 3081 1393 3174 populi

322 3202 638 3268 consternationem
661 3201 696 3268 in
727 3199 817 3268 Urbe
842 3199 1037 3287 castigaret,
1062 3207 1121 3266 aut
1140 3197 1394 3291 sapientissima

322 3314 468 3385 consilia
481 3317 518 3384 in
534 3317 674 3384 secretis
695 3315 1003 3383 deliberationibus
1027 3322 1257 3405 expromeret.

390 3433 472 3500 Haec
495 3439 576 3499 sunt
601 3430 797 3499 Maecenatis
817 3431 853 3498 in
874 3429 910 3499 C.
938 3429 1165 3498 Octavianum
1193 3429 1393 3518 Augustum

324 3547 466 3616 merita:
488 3571 566 3640 quaa
587 3547 615 3614 si
636 3547 713 3639 quis
737 3545 991 3634 recogitaverit,
1022 3554 1192 3637 quantum
1220 3545 1389 3613 Maecenas

322 3664 366 3732 ad
386 3663 607 3748 condendum
622 3662 967 3752 confirmandumque
982 3659 1214 3752 principatum
1229 3661 1389 3743 valuerit,

319 3779 421 3848 facile
432 3779 612 3871 judicabit.
636 3780 751 3872 Atque
775 3789 814 3848 ut
832 3777 950 3870 paucis
970 3776 1084 3846 verbis
1099 3776 1193 3869 quod
1211 3799 1292 3848 vera
1311 3801 1392 3870 pro-

321 3895 437 3988 prium
451 3893 647 3966 Maecenatis
667 3905 717 3964 est
734 3919 772 3964 ac
786 3893 960 3987 peculiare
983 3892 1331 3983 comprehendamus,
1349 3895 1392 3964 ad

319 4011 384 4080 hoc
400 4015 590 4081 maximum
604 4022 820 4081 momentum
835 4010 967 4092 habuit,
989 4016 1028 4077 ut
1047 4031 1178 4077 novum
1193 4008 1392 4100 reipublicae

318 4137 445 4197 statum
464 4129 631 4198 Romanis
651 4138 829 4222 acceptum
857 4128 1005 4195 faceret:
1031 4147 1248 4218 quaecunque
1273 4128 1316 4195 ad
1343 4151 1392 4196 se·
