3130 5064
624 525 766 578 ..25-

162 652 294 726 nerent,
330 653 364 712 et
390 644 450 713 vix
477 646 638 736 praesenti
665 646 819 737 periculo
849 644 1068 729 Octavianus,
1095 648 1224 717 nedum

161 768 255 828 metu
283 759 320 827 in
343 768 532 851 posterum,
556 783 591 830 se
611 761 750 830 liberari
771 761 924 843 sentiret,
954 784 1025 830 non
1051 771 1226 832 contuma-

162 875 245 942 citer
258 898 337 943 cum
352 875 398 942 M.
415 875 567 944 Antonio
593 877 767 966 agendum
790 898 864 944 esse
887 876 1065 945 intellexit.
1088 878 1224 948 Bellum

161 991 301 1082 quidem
313 991 386 1082 jam
401 1001 575 1061 exarserat
592 1016 599 1061 :
616 1016 696 1060 nom
712 992 895 1071 Antonius,
913 1015 1022 1083 quum
1036 994 1224 1062 Brundusii

160 1107 281 1176 incolae
296 1107 554 1198 prohibuissent
568 1131 612 1176 ne
627 1108 662 1175 in
679 1130 781 1176 suum
792 1116 932 1198 portum
946 1109 1145 1198 appelleret,
1164 1133 1223 1178 eos

159 1245 230 1290 non
254 1231 377 1314 sponte
404 1245 477 1305 sua,
504 1225 563 1292 sed
579 1224 767 1312 instigante
788 1223 976 1292 Octaviano
1006 1223 1224 1314 prohibuisse

160 1339 364 1430 suspicatus,
386 1339 520 1407 Italiam
539 1340 672 1408 infestis
696 1339 806 1428 signis
830 1339 1014 1421 invaserat,
1040 1339 1224 1434 ipsumque

159 1454 396 1522 Brundusium
411 1455 601 1523 obsidebat.
619 1455 831 1539 Admoverat
850 1463 883 1522 et
904 1455 1111 1524 Octavianus
1130 1480 1226 1525 exer„

161 1571 291 1640 citum:
313 1571 374 1639 sed
395 1572 556 1663 utrinque
584 1571 683 1640 inviti
708 1572 832 1640 ducem
860 1595 961 1641 suum
990 1574 1097 1641 secuti
1127 1582 1225 1642 erant

159 1687 298 1770 milites,
315 1696 349 1754 et
363 1711 383 1756 a
401 1710 518 1779 pugna
532 1688 774 1770 abhorrebant,
795 1711 984 1780 pacemque
1000 1689 1225 1760 reclamantes

161 1803 405 1893 efflagitabant.
425 1804 535 1886 Quam
550 1804 768 1886 seditionem,
787 1813 1225 1898 tamopportunotempore

161 1929 284 2002 ortam,
306 1919 399 1988 haud
420 1920 490 1988 scio
520 1944 564 1988 an
591 1921 665 2011 ipse
693 1920 900 1989 Octavianus
919 1944 980 2012 per
999 1921 1157 1990 homines
1181 1923 1226 1992 ad

161 2059 238 2104 eam
266 2058 340 2103 rem
368 2036 577 2128 compositos
606 2036 693 2104 clam
720 2037 956 2119 concitaverit;
979 2047 1069 2106 certe
1095 2038 1160 2108 sibi
1188 2038 1225 2106 in

161 2152 383 2230 commodum
412 2152 634 2220 solertissime
656 2152 769 2221 vertit.
800 2151 841 2218 L.
877 2152 1052 2235 Cocceius,
1088 2177 1157 2246 quo
1191 2163 1226 2223 et

160 2269 334 2338 Antonius
349 2277 383 2336 et
397 2268 604 2337 Octavianus
622 2268 838 2337 familiariter
852 2269 1048 2352 utebantur,
1070 2271 1225 2340 medium

161 2385 252 2453 inter
267 2407 326 2453 eos
346 2407 382 2452 se
399 2384 529 2473 gessit:
550 2407 686 2452 necnon
700 2384 808 2472 legati·
826 2408 846 2452 a
864 2384 1031 2453 militibus
1054 2385 1226 2474 designati

162 2510 253 2582 sunt,
269 2500 363 2592 pacis
378 2500 593 2592 interpretes,
612 2500 671 2591 qui
687 2500 751 2567 sibi
766 2499 927 2568 Asinium
945 2499 1141 2569 Pollionem
1154 2502 1225 2570 An·

160 2617 259 2699 tonii,
281 2617 504 2684 Maecenatem
532 2615 709 2685 Octaviani
737 2615 888 2685 amicum
914 2615 1158 2707 adjunxerunt,
1186 2640 1225 2686 aa

162 2754 332 2802 summam
346 2732 500 2801 universi
510 2732 641 2820 negotii
650 2732 693 2801 ad
705 2755 764 2800 eos
775 2733 983 2801 detulerunt.
997 2733 1108 2800 Fuere
1119 2732 1226 2820 igitur
1334 2740 1337 2750 '

162 2848 330 2918 Maecenas
345 2856 379 2916 et
387 2847 529 2915 Asinius
539 2847 651 2916 Pollio
668 2848 727 2939 qui
739 2848 781 2916 de
799 2847 1055 2918 conditionibus
1070 2848 1221 2931 foederis,

162 2965 300 3056 auspice
314 2965 353 3032 L.
373 2964 529 3062 Cocceio,
551 2971 694 3053 agerent
715 2963 738 3032 ¹..
1130 2975 1132 2982 '

228 3081 302 3148 Pax
324 3079 413 3148 circa
440 3079 676 3148 brundusium
700 3078 890 3169 composita
912 3086 964 3146 est
986 3101 993 3147 :
1016 3100 1133 3169 quam,
1161 3079 1225 3148 etsi

163 3195 364 3264 necessitate
380 3219 418 3264 ac
436 3203 532 3263 metu
545 3194 689 3286 periculi
704 3194 815 3283 magis
838 3217 942 3286 quam
962 3194 1139 3263 voluntate
1163 3193 1225 3262 Oc·

163 3312 319 3382 tavianus
334 3313 377 3380 ad
397 3335 474 3381 eam
488 3319 688 3393 accesserat,
706 3319 915 3379 tamencum
937 3310 1011 3402 ejus
1033 3310 1224 3380 commodis

163 3437 196 3497 et
213 3429 367 3498 consiliis
382 3429 468 3498 adeo
493 3429 693 3518 congruisse
714 3429 884 3508 videmus,
906 3415 949 3496 ¹ut
975 3426 1074 3496 facile
1097 3426 1225 3518 perspi-

162 3545 271 3614 ciatur
285 3568 389 3637 quam
403 3545 548 3614 feliciter
562 3546 730 3616 Maeones
745 3543 961 3636 propositum
976 3543 1021 3610 sit
1034 3551 1219 3612 assecutus.

162 3661 319 3730 Primum
346 3662 566 3753 impetratum
598 3669 641 3729 ut·
659 3661 833 3728 Antonius
860 3658 1065 3750 Pompeium
1087 3657 1226 3749 juberet

161 3777 252 3846 bello
290 3777 460 3846 ubstInere
493 3799 607 3868 neque
644 3784 740 3845 extra
772 3774 926 3844 Siciliam
958 3795 1053 3842 arma
1080 3795 1221 3862 gerere.

161 3891 302 3962 Jussum
316 3893 458 3984 quidem
477 3893 664 3984 Pompeius
678 3891 824 3983 superbe
844 3889 1017 3981 despexit;
1036 3889 1109 3972 sed,
1127 3890 1225 3981 ¹quod

210 4147 231 4194 I.
247 4139 389 4209 App.'BcII.
406 4145 452 4195 cio.
465 4145 495 4206 V,
508 4147 538 4196 56
551 4157 607 4209 sqq.
623 4142 725 4204 -Dio,
739 4141 847 4202 XLVIII,
864 4143 959 4194 213ομ
