3130 5064
640 466 779 519 «ld-

179 599 250 660 tum
285 590 463 658 Octaviani
491 590 644 678 legatum
673 588 779 656 fuisse
807 587 994 656 verisimile
1024 597 1075 656 est
1101 611 1108 656 ε
1135 610 1243 679 quum

179 716 293 774 autem
312 729 426 797 neque
447 706 489 774 ab
507 705 679 797 Appiano,
697 727 810 795 noque
826 705 970 772 aDione
986 705 1115 786 Cassio,
1129 727 1242 795 neque

178 823 219 890 ab
244 821 315 890 ullo
341 845 462 890 eorum
487 821 546 912 qui
571 844 625 888 ras
645 820 721 888 illas
749 829 986 903 narraverunt,
1018 843 1146 888 nomen
1170 820 1244 911 ejus

178 938 384 1030 proferatur,
410 938 476 1005 hoo
493 937 755 1028 praetermittere
774 938 890 1028 potius
906 945 957 1004 est
976 959 1080 1027 quam
1103 937 1139 1002 in
1160 960 1243 1005 con-

175 1051 318 1144 jecturis
334 1061 368 1120 et
386 1052 640 1142 suspicionibus
660 1051 876 1119 commorari.

245 1167 359 1236 Etiam
378 1167 436 1234 illa
456 1167 645 1236 omittimus
665 1191 741 1258 quae
753 1169 795 1236 ad
811 1177 946 1258 tempus
966 1167 1147 1234 Perusiani
1162 1168 1245 1234 belli

180 1291 345 1376 spectant,
372 1306 481 1374 quum
504 1283 707 1353 Ventidium
734 1291 768 1350 et
792 1283 953 1350 Asinium
976 1282 1182 1364 Pollionem,
1210 1283 1246 1350 in

180 1399 289 1468 Gallia
309 1399 483 1491 Cisalpina
502 1400 548 1467 M.
571 1399 715 1466 Antonii
735 1399 896 1490 auspiciis
917 1398 1117 1481 militantes,
1144 1399 1187 1466 ad
1210 1399 1246 1465 id

182 1515 388 1585 Octavianus
408 1516 551 1584 adduxit
570 1539 613 1584 ne
632 1516 672 1583 L.
690 1514 855 1598 Antonio,
878 1524 950 1583 tum
970 1515 1123 1598 obsesso,
1147 1515 1245 1582 auxi-

180 1632 265 1700 lium
280 1632 421 1714 ferrent,
444 1642 550 1723 utque
572 1632 820 1700 arbitrarentur
841 1632 972 1700 nullam
992 1655 1065 1700 esse
1090 1632 1180 1699 inter
1203 1632 1243 1698 L.

181 1747 325 1817 Antonii
340 1756 374 1816 et
389 1749 494 1817 Marci
510 1748 624 1816 fratris
642 1756 757 1839 partes
772 1747 1063 1838 conjunctionem,
1080 1749 1150 1815 imo
1171 1771 1246 1816 esse

181 1865 219 1934 L.
237 1861 431 1933 Antonium
444 1865 542 1933 fratri
561 1865 746 1934 infensum.
766 1865 1008 1955 Quodquidem
1027 1865 1092 1955 ipsi
1107 1865 1153 1932 M.
1171 1864 1244 1932 An-

181 1981 278 2048 tonio
298 2003 359 2072 per
377 1981 561 2050 blanditias
577 1991 611 2049 ct
634 1983 831 2050 comitatem
854 1982 901 2049 ita
921 1981 1103 2073 persuasit,
1130 1989 1168 2048 ut
1187 1980 1246 2048 ille

181 2094 278 2164 fratri
294 2119 356 2165 suo
377 2097 491 2188 palam
508 2079 592 2167 ritio
615 2098 756 2167 verterit
776 2098 870 2188 quod
889 2121 983 2166 arma
1002 2087 1121 2165 contra
1145 2096 1246 2165 Octa-

182 2211 324 2282 vianum
352 2212 553 2304 sumpsisset
574 2213 597 2280 ¹.
620 2214 660 2306 In
680 2213 722 2280 iis
742 2236 881 2304 quoque
905 2212 1094 2280 mendaciis
1114 2211 1246 2279 callidi-

183 2323 291 2400 tatem
314 2329 516 2410 Maecenatis
541 2351 614 2396 esse
643 2328 831 2410 adhibitam
858 2337 979 2420 putare
1006 2329 1148 2420 quidem
1171 2308 1248 2419 pos·-

183 2467 314 2528 sumus‚
332 2444 555 2535 comprobare
575 2467 645 2513 non
660 2467 854 2535 possumus.
873 2444 928 2512 Ad
948 2468 988 2512 ea
1007 2444 1113 2533 igitur
1132 2445 1247 2514 statim

182 2585 245 2630 nos
265 2569 505 2630 convertemus
520 2584 669 2651 quorum
683 2561 885 2654 participem
899 2560 1121 2630 Maecenatem
1140 2561 1246 2629 fuisse

182 2679 283 2746 certis
312 2677 519 2770 quibusdam
543 2677 786 2746 historicorum
807 2678 1013 2746 testimoniis
1032 2685 1247 2769 compertum

183 2803 243 2864 m.
1096 2819 1098 2822 ·

168 2923 172 2932 '
248 2909 334 2978 Post
356 2909 585 2978 Perusianum
608 2908 750 2992 bollum,
781 2909 817 2977 in
831 2909 1033 2978 maximum
1062 2911 1246 2978 discrimen

182 3048 236 3095 res
257 3024 436 3094 Octaviani
455 3025 610 3093 adductae
630 3033 720 3094 sunt.
746 3025 894 3108 Etenim,
918 3027 1076 3116 quamvis
1095 3027 1141 3094 Μ.
1172 3026 1246 3093 An-

183 3120 299 3212 tonius
315 3163 351 3209 se
366 3140 530 3211 adversus
553 3140 779 3209 Octavianum
799 3164 893 3209 arma
912 3149 1076 3210 nonanto
1096 3140 1279 3242 laturum*

184 3280 289 3350 quam
302 3257 345 3324 ab
361 3279 402 3326 oo
417 3257 642 3325 lacesseretur
657 3256 908 3340 declaravissct,
935 3265 1061 3340 tamen,
1083 3257 1247 3325 incitante

184 3373 306 3443 Fulvia
325 3394 445 3454 uxore,
474 3371 517 3439 ad
539 3372 738 3440 societatem
762 3396 840 3441 cum
864 3373 899 3441 S.
925 3373 1092 3465 Pompeio
1117 3382 1249 3441 contra-

185 3489 334 3558 hendam
352 3487 557 3579 propensior
577 3510 651 3556 csse
666 3488 857 3558 videbatur.
876 3489 967 3571 Quin
984 3499 1017 3558 et
1032 3498 1177 3557 matrem
1191 3490 1250 3558 Ju-

185 3605 268 3673 liam
287 3603 330 3672 ad
344 3625 380 3672 se
395 3605 432 3672 in
451 3604 617 3673 Graeciam
636 3605 837 3698 aPompeio
856 3605 1009 3687 missam,
1028 3614 1066 3674 ut
1090 3605 1131 3672 de
1152 3627 1193 3672 ea
1212 3629 1249 3673 re

186 3728 358 3810 ageretur,
381 3728 415 3788 ot
432 3720 583 3810 benigne
603 3729 780 3812 acceperat
795 3729 828 3788 et
851 3721 1030 3790 commode
1046 3719 1202 3788 audierat
1222 3729 1266 3788 ²..

187 3837 371 3918 Nimirum,
398 3835 426 3903 si
455 3835 491 3904 S.
513 3835 712 3928 Pompeius,
729 3837 789 3928 qui
809 3846 882 3906 turn
909 3838 1069 3906 maximis
1084 3837 1250 3908 classibus

235 3985 738 4076 cmmmmmmm

235 4092 709 4153 muum-mnmum
