3130 5064
616 537 756 588 ...81-

153 678 294 750 quoque
309 677 460 724 romana
489 656 532 724 ad
563 664 735 724 maturam
753 653 940 746 quamdam
959 655 1221 748 absolutamque

153 773 402 866 perfectionem
421 780 661 864 pervenerant.
678 825 690 846 f.

152 941 162 956 ,
221 890 381 982 Denique
390 889 560 958 Maeecnac
579 889 710 980 optimo
729 888 899 957 intellexit
921 889 995 958 fore
1019 895 1058 960 ut
1080 881 1224 956 tacentis

154 1005 365 1099 eloquentiae
383 998 499 1074 locum
525 1004 648 1074 littera
668 1014 789 1098 postea
807 1014 976 1089 tenerent,
999 1013 1033 1073 et
1055 1005 1098 1074 ad
1117 1005 1225 1097 serip-

156 1134 251 1194 tores
270 1147 311 1194 ea
335 1123 521 1193 auctoritas
540 1123 703 1192 transiret
722 1145 799 1215 quae
824 1113 931 1214 panes
951 1130 1105 1190 oratores
1124 1131 1226 1191 antea

155 1241 290 1310 fuerat,
304 1240 452 1309 Necesse
468 1249 520 1308 eat
533 1239 631 1308 venim
656 1239 798 1330 aliquod
813 1261 888 1307 essc
913 1239 949 1307 in
974 1237 1069 1308 omni
1089 1237 1225 1308 civitate

148 1358 266 1428 ¹veluti
281 1350 516 1440 momentum,
543 1378 612 1448 quo
637 1355 869 1448 plurimorum
889 1355 996 1423 animi
1014 1354 1056 1423 ad
1080 1347 1228 1424 laudan·

156 1475 317 1545 dumont
336 1474 380 1542 ad
399 1472 684 1556 insimulandum,
709 1462 753 1540 acl
774 1464 962 1542 {avunclum
986 1480 1046 1540 aut
1070 1472 1114 1540 ad
1137 1469 1228 1540 inri-

157 1591 313 1660 dendum
332 1590 491 1660 inclinari
507 1588 651 1658 soleant.
670 1590 810 1678 Integra
829 1589 1139 1671 seilicetlibertate,
1157 1586 1229 1679 opi-

156 1707 306 1776 nionum
324 1705 420 1796 vulgi
450 1697 664 1774 moderatrix¹
687 1713 722 1773 et
750 1705 848 1798 quasi
877 1704 998 1796 regula
1030 1705 1229 1798 eloquentia

157 1823 399 1893 forensisesae
413 1831 650 1893 consueverat.
673 1805 864 1914 Postquam
885 1844 981 1906 vero,
1013 1822 1157 1891 sublatis
1185 1821 1228 1889 ab
1277 1855 1281 1863 =

157 1939 318 2030 A'ugueto
334 1939 571 2022 concionibus,
594 1934 709 2008 iorum
723 1937 947 2022 conticuerat,
973 1939 1169 2008 timendum
1190 1938 1227 2007 in

157 2067 337 2149 pontoium
352 2057 545 2140 videbatur,
572 2079 616 2126 ne
636 2057 771 2124 amissae
800 2055 968 2124 libertatis
988 2056 1227 2148 torpentisque

157 2173 357 2265 reipublioae
377 2173 601 2253 taediomulti
616 2173 814 2242 laborarent
829 2182 863 2241 et
876 2195 975 2244 novae
993 2165 1225 2242 dominationi

159 2289 437 2373 adversarentur,
454 2289 645 2381 praeaortim
660 2290 688 2357 si
700 2289 924 2358 contumaciae
936 2281 1089 2358 fautores
1104 2289 1227 2358 fierent

159 2408 365 2498 animosque
387 2406 613 2476 incenderant
640 2406 711 2498 qui*
725 2406 866 2496 ingenio
886 2415 920 2476 et
948 2399 1031 2474 arte¹
1048 2405 1222 2474 scribendi

158 2523 348 2616 pollebunt.
363 2523 409 2591 At
424 2531 555 2605 contre,
569 2507 677 2614 quum
692 2533 735 2591 en
746 2522 807 2590 illo
822 2522 1228 2592 doctissimorumhomi·

159 2663 247 2709 num
267 2639 370 2729 glolio
386 2639 482 2708 nulla
500 2663 570 2708 vox
589 2639 783 2708 exoriretur
803 2661 878 2732 qua
893 2661 964 2708 non
984 2641 1141 2730 Augusto
1154 2662 1229 2729 gre-

158 2757 226 2826 tias
260 2765 377 2845 ageret
409 2755 680 2848 felicitatemque
710 2757 829 2845 generi
858 2757 1011 2825 humano
1032 2757 1226 2825 restitutam

159 2873 360 2955 celebraret,
383 2859 540 2941 erevitin
555 2871 629 2940 dies
653 2873 779 2942 civium
800 2895 882 2962 erga
899 2874 1097 2962 Augustum
1120 2873 1226 2942 hene·
1275 2917 1276 2920 =

161 2988 325 3070 volentia,
347 3010 410 3056 nco
425 2987 492 3056 nisi
515 2988 677 3080 perpauci
704 2989 949 3080 superfuerunt
972 2975 1032 3081 qui
1056 2997 1226 3058 mutatum

159 3105 360 3198 reipublicae
381 3092 508 3174 statum
531 3105 647 3174 minus
673 3127 775 3197 aequo
799 3106 916 3174 animo
930 3091 1082 3175 terrent.
1106 3103 1228 3176 Plures

159 3223 196 3291 in
218 3245 295 3292 eam
313 3227 421 3316 prope
437 3207 646 3293 sententiam
661 3245 697 3291 se
717 3207 964 3293 convertebant
992 3245 1131 3316 quamn
1153 3207 1227 3292 Ma·

159 3348 261 3408 terno
278 3341 492 3409 enuntiatam
501 3339 640 3408 Tacitus
651 3340 687 3408 in
698 3340 841 3432 Diuloqo
850 3340 889 3408 de
902 3341 1098 3410 Oratoribus
1108 3340 1225 3428 fingit:

163 3457 297 3526 «malle
306 3480 343 3526 ae
359 3479 518 3526 socruum
532 3468 568 3525 et
577 3466 752 3526 'secretum
762 3458 901 3546 Virgilii
912 3479 1097 3556 secessum,
1110 3458 1146 3525 in
1157 3477 1226 3550 quo

158 3581 279 3642 tamen
311 3597 424 3666 neque
462 3573 554 3666 apud
581 3573 779 3663 Augustum
804 3575 913 3663 gratia
941 3584 1083 3658 careret,
1115 3595 1227 3666 neque

161 3690 255 3782 apud
269 3691 438 3782 populum
456 3713 640 3759 romanum
659 3691 838 3774 notitia...‚
861 3714 965 3784 quem
989 3692 1179 3784 inquietam
1195 3699 1229 3758 et

162 3806 302 3882 anxiam
322 3816 499 3876 oratorum
514 3807 685 3891 vitam...;
707 3831 783 3876 esse
803 3809 1038 3910 eloquentiam
1053 3808 1228 3878 alumnam

161 3923 322 4006 licentiae,
346 3924 511 3994 comitem
533 3923 755 4010 seditionum,
777 3925 932 3994 effrenati
960 3924 1079 4018 populi
1112 3925 1228 3993 incita-

161 4048 332 4124 mentum,
358 4039 432 4110 sine
462 4037 642 4134 obsequio,
665 4041 739 4110 sine
769 4041 945 4126 servitute,
977 4050 1226 4124 contumacem,

163 4155 396 4240 temerariam,
414 4167 646 4248 arrogantem,
660 4182 736 4250 quae
748 4157 784 4225 in
799 4160 887 4228 bene
900 4159 1093 4228 constitutis
1108 4157 1228 4226 civita·

1072 4282 1087 4332 o
