3130 5064
625 529 767 582 ...67-

164 648 252 718 nihil
270 649 307 717 in
327 671 367 717 ea
383 649 538 718 oratione
567 672 746 718 occurrere
766 651 862 742 quod
880 674 952 719 non
965 660 1086 744 postea
1100 651 1242 727 factum,
1277 627 1282 634 .
1342 633 1343 636 Ἴ

165 765 221 849 sit,
242 773 316 836 tum
331 765 501 857 quidquid
515 773 639 858 postea
650 764 778 834 factum
793 767 848 850 sit,
868 767 1057 850 dummodo
1077 767 1232 859 aliquan-

166 882 277 953 tulum
291 881 458 955 momenti
474 881 609 966 hebeat,
622 882 659 951 in
670 883 791 952 eedem
805 884 961 976 reperiri.
980 884 1083 967 Quid,
1100 884 1129 952 si
1139 907 1230 975 quere

168 998 248 1070 dam
277 1007 461 1069 occurrunt
483 1023 560 1091 quea
585 1022 764 1091 nunquam
789 1008 849 1069 aut
869 1001 911 1068 ab
931 1001 1089 1090 Augusto
1110 1008 1168 1068 aut
1188 1000 1231 1068 ab

81 1091 91 1110 .
168 1116 240 1186 uilo
255 1124 334 1209 post
352 1115 553 1204 Augustum
566 1116 721 1208 principe
737 1124 867 1184 tentate
886 1117 965 1200 sint,
980 1125 1172 1208 etquorum
1187 1139 1232 1184 ne

167 1233 298 1302 mentio
318 1232 460 1323 quidem
479 1233 551 1301 ulla
578 1254 726 1324 usquam
749 1233 834 1301 elias
858 1233 949 1324 apud
968 1233 1152 1325 scriptores
1171 1229 1232 1300 del·

167 1347 422 1440 prehendatur?
449 1349 607 1440 Exempli
637 1349 762 1437 gratia‚
786 1348 919 1417 censuit
946 1349 1128 1432 Maeccnas,
1150 1372 1239 1417 auc-.

168 1472 242 1536 tore
270 1465 382 1534 Dione
400 1471 424 1548 ¹,
446 1487 556 1534 unum
584 1465 772 1534 creandum
800 1488 875 1534 esse
903 1465 1154 1555 magistratum,
1172 1465 1232 1556 qui

169 1588 368 1650 sanatorum
383 1581 608 1673 equitumque
628 1581 846 1676 singulorum
862 1605 971 1672 genus
986 1592 1020 1651 et
1038 1607 1112 1652 rem
1131 1582 1232 1651 fami-

166 1697 290 1766 liarem
308 1697 493 1789 inspiceret
505 1720 689 1789 moresque
714 1699 913 1787 corrigeret,
930 1708 1005 1767 tum
1024 1700 1083 1790 qui
1109 1723 1129 1767 a
1152 1723 1232 1769 cen·
1269 1763 1271 1766 .

169 1813 261 1882 soria
279 1813 444 1906 principis
462 1821 631 1906 potestate
650 1837 779 1884 noman
793 1815 996 1883 subcaesoria
1016 1815 1232 1908 (ὑποτιμητοῦ)

170 1929 312 2000 duceret
333 1953 340 1999 :
362 1952 497 1999 necnon
516 1931 624 2000 suasit
646 1931 815 2000 Maecenas
833 1940 871 2000 ut
890 1954 980 2000 unus
1000 1955 1042 1999 ex
1062 1930 1232 1999 senatori-

168 2047 233 2115 bus
248 2054 327 2138 post
340 2047 542 2138 prefectum
560 2047 662 2117 Urbis
680 2049 984 2141 praestantissimus
1004 2048 1048 2117 ad
1069 2047 1134 2116 hoc
1153 2069 1231 2116 mu-

170 2185 235 2231 nus
254 2163 495 2232 sustinendum
518 2189 538 2233 a
557 2165 712 2260 principe
727 2165 947 2254 deligeretur.
972 2165 1040 2234 Sed
1055 2165 1141 2233 adeo
1162 2186 1234 2232 non

169 2279 346 2348 rubccnsor
369 2289 612 2371 antecesserat<
639 2281 828 2373 quisquam
852 2291 985 2350 creatus
1009 2281 1160 2374 fuit,1nt
1189 2303 1233 2350 ne

169 2397 377 2468 vocabulum
401 2397 541 2488 quidem
564 2397 655 2488 apud
675 2397 785 2466 ullum
809 2398 915 2468 alium
934 2400 1137 2490 scriptorem
1161 2398 1233 2468 sive

168 2513 327 2596 latinum,
354 2513 425 2582 sive
450 2535 612 2602 graecum,
633 2537 782 2607 usquam
803 2516 1034 2608 repe1·istur².
1057 2516 1135 2584 Neu
1154 2512 1232 2606 quis

169 2628 236 2698 huc
250 2629 370 2697 afferet
385 2629 542 2698 Suetonii
561 2630 677 2699 locum
702 2654 770 2724 quo
791 2633 988 2700 institutum
1012 2633 1053 2700 ab
1073 2631 1234 2721 Augusto

169 2745 275 2816 fuisse
295 2746 460 2815 docemur
477 2775 492 2810 c
513 2746 769 2816 triumviratum
782 2748 920 2838 legendi
936 2757 1087 2833 senatus,
1106 2757 1140 2818 et
1154 2749 1235 2817 altc-

169 2886 248 2934 rum
280 2863 551 2952 recognoscendi
584 2872 715 2932 turmas
748 2866 922 2956 equitum,
960 2867 1234 2961 quotiescunque

171 3002 258 3073 opus
274 2989 364 3048 esset
379 2985 404 3049 ³.
428 2980 637 3062 »Quantum
657 2981 750 3049 enim
774 2981 860 3050 illud
884 2983 978 3073 quod
1002 3007 1021 3050 a
1045 2983 1231 3054 Maecenate

170 3096 334 3188 suadetur
352 3094 394 3164 ab
415 3095 481 3164 hoc
504 3095 597 3188 quod
616 3094 962 3186 instituithugustus
989 3095 1134 3182 differat,
1157 3100 1236 3191 quis

170 3235 242 3281 non
256 3212 371 3281 videt?
390 3212 426 3280 Si
446 3211 489 3281 ad
505 3235 545 3279 oa
559 3213 726 3280 duntaxat
740 3235 816 3303 quae
831 3212 946 3305 reipsa
963 3213 1052 3282 facta
1067 3223 1147 3283 sunt
1158 3214 1236 3284 Cas-

171 3329 242 3398 sius
265 3329 344 3412 Dio,
365 3338 404 3398 ut
425 3328 655 3418 contenditur,
676 3328 839 3422 respexit,
863 3352 923 3398 cnr
942 3331 1034 3423 apud
1058 3355 1138 3402 eum
1157 3333 1236 3404 Ma-

171 3469 273 3515 csnas
283 3469 354 3514 non
373 3446 415 3515 de
430 3455 580 3538 utroque
590 3445 648 3514 illo
660 3446 891 3532 triumvirum,
910 3472 1014 3540 quem
1025 3457 1176 3517 creatum
1192 3433 1234 3517 ab

170 3563 331 3652 Augusto
353 3561 540 3632 Suetonius
560 3563 676 3646 refert,
698 3564 758 3632 sed
783 3563 825 3632 de
854 3587 925 3632 uno
946 3565 1151 3648 subcessore,
1176 3565 1235 3658 qui
1347 3545 1353 3558 ⁰

173 3700 354 3772 uunquam
374 3688 509 3749 creatus
529 3687 591 3764 cst,
613 3679 745 3771 aliquid
763 3679 922 3770 Augusto
938 3679 1088 3751 suasisse
1107 3661 1237 3752 fertur?

218 3933 242 4060 d.
255 3931 321 4059 diiii]
327 3929 445 4062 diiidii
462 4007 620 4072 Stephanus,
636 4021 718 4072 quum
730 4007 797 4060 illud
806 4006 964 4060 subceoaoris
977 4010 1138 4066 vocabulum
1147 4029 1163 4067 s
1173 4009 1238 4070 Sue·

182 4089 257 4140 topic
271 4089 395 4154 usurpari
410 4089 555 4142 contendit.
568 4090 626 4142 Vid.
642 4091 673 4141 Η.
686 4089 786 4156 Steph,
802 4092 901 4144 advoc.
919 4094 1079 4159 tcocrpertc.

220 4171 243 4220 3.
260 4169 334 4220 Suet.
349 4169 403 4220 Oct.
417 4168 495 4234 Aac„
508 4171 546 4221 36.
