3130 5064
645 589 679 599 -
698 560 732 616 29
752 589 785 598 ..

187 681 375 750 simultates
395 704 473 750 cum
487 681 654 773 Pompeio
670 690 837 772 repetere,
861 701 1037 772 novasque
1057 681 1246 752 discordias

185 820 350 889 quaerere,
372 807 537 888 tanquam
556 798 614 864 ille
633 819 728 866 mare
745 797 935 865 latrociniis
950 798 1113 866 infestum
1128 821 1246 867 rursus

184 912 321 994 Iaceret,
336 913 547 981 commeatus
561 913 817 995 intercluderet,
830 912 927 980 Italia
937 936 1008 981 non
1023 913 1209 983 abstineret
1219 915 1242 982 ¹.

185 1029 276 1111 Quin
295 1039 330 1098 et
349 1029 491 1097 Antonii
512 1029 703 1098 commodis
723 1052 760 1098 se
779 1029 945 1098 inservire
967 1029 1124 1113 simrdat3
1141 1031 1246 1099 mari-

184 1143 285 1212 timas
305 1145 398 1213 enim
415 1145 651 1237 possessiones
665 1145 701 1213 in
721 1145 936 1236 Peloponeso
954 1148 965 1182 ²
981 1146 1169 1237 Pompeius
1187 1147 1247 1215 foe-

185 1257 265 1328 dere
285 1260 550 1344 obtinueratea
568 1283 651 1329 vero
671 1262 747 1351 lege
771 1269 810 1328 ut
829 1261 963 1352 reliqua
981 1261 1188 1329 tributorum
1208 1277 1246 1330 ae¹

184 1375 404 1464 vectigalium
423 1385 515 1444 certo
531 1386 685 1468 tempore
702 1376 851 1444 solveret
868 1399 875 1444 :
894 1399 997 1468 quam
1012 1377 1246 1446 conditionem

185 1491 393 1582 aPompeio
418 1491 581 1560 violatam
610 1492 817 1562 Octavianus
845 1492 1024 1561 clamitans
1055 1493 1247 1561 Antonium

185 1607 324 1674 arcessit
345 1615 370 1689 ³,
392 1607 490 1698 quasi
509 1607 582 1676 sine
599 1607 672 1698 ejus
690 1608 817 1677 auxilio
833 1631 1053 1678 communem
1067 1609 1247 1700 utriusque

185 1745 323 1790 cansam
338 1722 501 1791 adversus
522 1723 729 1814 Pompeium
749 1724 933 1796 defendere
955 1749 1027 1794 non
1044 1725 1186 1808 valeret,
1208 1739 1249 1793 ea

185 1839 315 1907 scilicet
332 1848 448 1908 monte
468 1848 506 1907 ut
526 1841 617 1910 vires
637 1863 716 1910 suas
732 1842 858 1922 celaret
877 1851 912 1908 et
935 1841 1071 1909 infirmo
1101 1841 1249 1909 similem

186 1979 221 2024 se
235 1964 423 2046 praestaret.
446 1958 590 2040 Revera,
615 1958 674 2026 illo
701 1958 775 2049 ipso
794 1965 948 2051 tempore
968 1980 1037 2050 quo
1057 1957 1249 2025 Antonium

186 2072 390 2155 arcessebat,
408 2095 515 2164 quum
535 2073 764 2142 Menodorum
780 2075 804 2156 ⁸,
822 2072 914 2142 inter
936 2074 1093 2165 Pompeii
1116 2074 1250 2161 legatos

186 2188 398 2279 praecipuum
418 2197 452 2256 et
475 2189 511 2257 in
536 2189 696 2257 Sardinia
719 2191 854 2279 magnis
878 2199 951 2258 tum
976 2191 1141 2259 classibus
1163 2191 1250 2258 mul·
1329 2283 1333 2291 ι

186 2303 299 2395 tisque
315 2304 423 2395 copiis
434 2304 673 2396 imperantem,
690 2305 837 2397 pecunia
850 2306 1072 2397 etpromissis
1082 2307 1251 2374 clamcor-

187 2420 336 2510 rupisset
356 2427 381 2502 ⁵,
405 2419 626 2512 Siciliamque
649 2445 691 2489 ex
710 2421 898 2512 improviso
918 2421 1081 2492 invadere
1100 2430 1248 2512 pararet,

187 2534 345 2626 Pompeii
360 2545 486 2626 partes,
504 2537 685 2606 Menodori
701 2537 893 2606 defectione
906 2537 1068 2606 infractae
1083 2546 1117 2606 et
1131 2555 1251 2628 repen·-

186 2651 259 2718 tino
275 2651 407 2742 impetu
416 2653 603 2743 perculsas,
621 2662 699 2723 ante
712 2677 914 2746 oppressum
924 2654 967 2722 iri
978 2654 1137 2747 sperabat
1147 2675 1251 2745 quam

185 2766 359 2840 Antonius
379 2767 415 2836 in
434 2768 569 2836 Italiam
582 2769 780 2861 appelleret.
800 2771 883 2853 Qua
899 2793 1007 2863 quum
1022 2779 1140 2839 contra
1155 2791 1251 2862 spem

187 2882 381 2965 vertissent,
404 2907 474 2952 non
500 2885 675 2954 commisit
696 2887 937 2956 callidissimus
966 2887 1105 2978 juvenis
1126 2894 1165 2954 ut
1182 2886 1252 2952 An-

187 2997 283 3067 tonio
308 3021 357 3068 se·
374 3000 514 3070 obvium
541 3003 657 3085 ferret,
689 3002 783 3094 quod
806 3027 842 3072 se
875 3004 1046 3071 facturum
1077 3002 1251 3093 pollicitus

80 3159 83 3164 ι
188 3124 271 3182 erat.
296 3115 332 3184 Si
348 3117 441 3184 enim
461 3141 539 3186 cum
554 3141 595 3186 eo
620 3119 663 3186 ad
683 3119 895 3210 colloquium
917 3127 1008 3187 esset
1031 3139 1248 3206 congressus,

188 3239 247 3298 aut
260 3241 394 3322 partem
419 3242 478 3301 aut
497 3256 666 3302 summam
685 3234 767 3302 belli
790 3235 954 3303 adversus
973 3232 1190 3324 Pompeium,
1218 3241 1251 3301 et

187 3347 299 3436 majus
311 3347 460 3438 denique
469 3348 621 3418 victoriae
634 3350 919 3433 emolumentum,
930 3350 961 3418 ei
973 3372 1043 3418 non
1054 3350 1250 3440 relinquere

188 3485 257 3531 non
269 3463 447 3555 potuisset.
466 3465 702 3534 Brundusium
712 3467 817 3556 igitur
826 3467 1000 3536 Antonius
1011 3467 1105 3535 venit
1119 3466 1247 3548 irritus,

190 3587 223 3646 et
240 3579 339 3648 valde
355 3580 553 3669 indignatus
569 3581 663 3674 quod
678 3564 884 3654 Octavianus
904 3585 1050 3664 abesset,
1073 3581 1250 3672 multaque

233 3863 258 3929 l·
269 3861 334 3924 App.
348 3859 410 3909 Bell.
427 3862 473 3910 etv.
490 3861 518 3920 V,
534 3865 573 3912 77.

236 3942 260 3990 2.
271 3941 302 3990 In
316 3941 424 4000 Achaia,
439 3940 462 3989 si
475 3941 555 3990 Dioni
570 3941 721 4001 credideris,
737 3942 846 4003 XLVIII,
861 3946 900 3994 36.

237 4023 258 4070 3.
275 4023 342 4084 App.
356 4019 420 4069 Bell.
437 4021 483 4069 cio.
496 4021 526 4080 V,
538 4021 576 4072 78.

236 4103 258 4150 4.
274 4102 298 4149 Is
316 4105 356 4150 est
367 4100 538 4160 Menodorus,
557 4101 602 4164 qui
617 4101 707 4150 Menos
719 4115 733 4150 a
747 4100 831 4151 Dione
845 4105 963 4152 vocatur.

237 4182 259 4228 5.
274 4179 339 4244 App.
354 4180 416 4230 Bell.
429 4182 475 4230 civ.
493 4182 523 4241 V,
537 4185 575 4242 78,
589 4183 627 4240 79,
642 4183 679 4229 80.
694 4205 723 4216 -·
738 4181 794 4241 Dio,
808 4182 916 4242 XLVIII,
932 4185 970 4232 45.
