3130 5064
806 567 942 630 ..gq-

341 693 516 770 honorum
531 691 773 784 appetentibus
796 713 873 760 mos
895 700 996 760 antea
1010 691 1123 762 fuerat
1140 691 1285 760 clientes
1305 714 1410 783 quam

339 809 509 900 plurimos
524 809 664 890 habere,
685 829 835 900 quorum
855 829 920 898 ope
947 815 982 876 et
1008 806 1251 876 benevolentia
1279 805 1410 900 accepti

340 903 469 1018 populo
485 923 622 1007 fierent,
639 924 686 992 ita
701 947 832 995 novum
846 923 1029 1016 patrocinii
1053 931 1087 992 et
1111 922 1278 994 clientelae
1299 945 1410 1012 genus

339 1039 509 1110 Mecenas
542 1040 751 1130 excogitavit
779 1049 812 1108 et
843 1038 1003 1122 instituit,
1035 1062 1104 1131 quo
1128 1039 1276 1132 principi
1302 1037 1410 1108 enimi

338 1177 446 1250 prope
467 1157 624 1226 omnium
644 1156 954 1246 obstringerentur.

385 1272 455 1344 Sed
472 1295 515 1342 ne
536 1272 816 1342 doctissimorum
835 1272 1013 1342 clientium
1032 1273 1175 1363 ingenia
1196 1271 1330 1362 deliciis
1348 1272 1411 1341 be-

338 1387 565 1476 betescerent,
586 1411 674 1458 neve
703 1389 813 1458 otium
842 1388 878 1456 in
898 1389 1082 1478 segnitiem
1101 1397 1262 1471 verteret,
1284 1389 1409 1458 Maece-

337 1527 399 1606 nas
415 1527 476 1574 eos
491 1505 534 1574 ad
549 1505 770 1575 scribendum
798 1505 1001 1574 hortabatur
1016 1515 1050 1574 et
1069 1506 1227 1576 stimulos
1242 1505 1408 1574 cessanti·

336 1620 402 1690 bns
422 1621 580 1690 addebat.
602 1622 724 1714 Neque
739 1622 782 1690 ad
805 1621 1036 1714 laborandum
1054 1621 1159 1692 modo
1176 1644 1235 1692 eos
1251 1622 1409 1714 impelle-

336 1737 407 1820 bat,
421 1737 481 1805 sed
497 1738 541 1806 ad
556 1738 605 1806 ita
618 1736 861 1822 laborandum,
874 1748 924 1821 ut,
937 1739 993 1808 vel
1008 1717 1205 1828 Angustum
1218 1737 1406 1819 laudando,

337 1852 395 1923 vel
414 1875 519 1947 opera
538 1878 601 1924 sua
620 1855 651 1923 ei
671 1839 876 1942 dedicando,
897 1835 1112 1926 uberrimum
1137 1856 1255 1946 gloriae
1270 1865 1304 1924 et
1318 1854 1410 1924 utili-

337 1971 417 2040 tatis
435 1972 586 2042 fructum
612 1973 759 2065 principi
779 1983 992 2065 prestarent.
1016 1976 1105 2061 Nam
1120 1983 1158 2043 ut
1176 1957 1219 2043 de
1234 1972 1340 2044 Vario
1357 1981 1409 2039 ta-

336 2109 434 2157 ceam
445 2092 691 2181 Panegyricum
705 2091 851 2181 depasti
866 2101 874 2137 ¹
893 2091 1076 2173 scribente,
1093 2099 1152 2158 aut
1167 2089 1209 2158 de
1225 2085 1408 2179 Propertio

336 2205 526 2294 Apollinem
541 2206 716 2274 Actiacum
732 2209 743 2245 ¹
759 2205 882 2296 elegiis
897 2205 1106 2288 celebrante,
1118 2205 1304 2274 Horatium
1314 2203 1410 2274 vide·

337 2341 427 2405 mus,
448 2323 608 2415 quamvis
630 2351 647 2387 ι
659 2322 733 2415 jum
742 2323 828 2392 rude
849 2323 1017 2392 donatum
1038 2323 1207 2416 »pigeret
1265 2321 1268 2326 ’
1378 2317 1382 2325 ’

683 2484 778 2535 iterum
790 2485 900 2548 antiquo
916 2497 943 2534 se
957 2483 1095 2536 includere
1107 2483 1171 2534 ludo
1186 2485 1206 2545 ³,
1262 2549 1265 2555 Ι

337 2622 466 2700 tamen,
489 2614 690 2686 obsecrante
709 2618 908 2702 Maecenate,
932 2618 1142 2688 carminibus
1166 2616 1239 2709 jam
1263 2625 1365 2686 antee
1390 2641 1410 2686 a

338 2759 374 2804 se
394 2735 595 2828 compositis
616 2745 778 2829 quartum
805 2736 933 2805 librum
952 2734 1140 2820 addidisse,
1162 2735 1198 2804 in
1218 2758 1288 2827 quo
1308 2733 1409 2826 plura

337 2852 502 2944 leguntur
517 2851 560 2922 ad
575 2854 772 2942 Augustum
791 2851 1029 2922 extollendum
1044 2851 1234 2945 spectantia
1249 2856 1276 2920 ἕ.
1293 2851 1409 2945 Atque

337 2969 376 3029 ut
397 2969 513 3054 aperte
536 2962 710 3053 proferam
726 2961 820 3055 quod
836 2961 960 3045 sentio,
983 2961 1095 3051 magis
1123 2969 1266 3056 propter
1284 2960 1410 3050 Marce-

338 3088 454 3148 natem
469 3079 628 3169 Augusto
644 3077 728 3147 iavit
737 3078 914 3161 Horatius,
933 3100 1038 3170 quern
1052 3087 1194 3170 propter
1212 3075 1411 3167 Augustum

338 3195 465 3290 ipsum.
486 3195 586 3263 Bruti
612 3195 705 3263 enim
733 3195 911 3286 Cassiique
935 3203 1051 3286 partes
1084 3204 1186 3263 antea
1214 3193 1408 3285 amplexus,

340 3309 505 3381 adversus
525 3311 725 3382 triumviros
754 3297 845 3404 apud
878 3311 1058 3404 Philippos
1077 3318 1318 3402 pugnaverat:
1339 3309 1409 3381 imo

341 3429 497 3499 versibus
526 3429 676 3521 primum
706 3427 933 3497 Octavianum
966 3427 1149 3520 ipsumque
1187 3427 1411 3496 Maecenatem

340 3543 556 3615 lacessivisse
585 3543 694 3613 fertur
710 3549 734 3613 ⁵.
757 3545 980 3614 Maecenatem
1014 3543 1157 3635 quidem
1183 3551 1304 3634 postea
1323 3539 1410 3612 adeo

388 3740 409 3786 t.
429 3735 574 3798 Weichert,
589 3734 621 3786 dc
630 3735 661 3786 t.
675 3733 747 3784 Varii
755 3737 781 3784 et
791 3734 875 3784 Cassii
881 3733 1028 3784 Parmensis
1037 3717 1090 3784 vitu
1097 3735 1122 3784 et
1131 3731 1296 3802 caracteribus.

386 3817 410 3870 2.
428 3819 506 3881 Prop.
525 3819 566 3878 lV,
579 3831 614 3868 rr.

385 3902 409 3949 3.
429 3899 491 3949 Hor.
507 3899 566 3962 Ep,
581 3900 630 3962 1,1,
643 3900 667 3948 2.

386 3982 409 4030 4.
428 3977 492 4028 Hor.
505 3978 593 4028 Germ.
605 3978 647 4038 IV,
662 3991 689 4039 ιι,
706 3991 741 4041 ιιι,
755 3992 791 4038 vr,
801 3975 999 4042 acprsesertim,
1018 3989 1043 4037 v,
1058 3991 1111 4046 xrs,
1129 3990 1173 4026 xv.

386 4060 409 4107 5.
428 4055 511 4118 spon.
527 4071 561 4118 ιν,
585 4057 676 4120 ibique
696 4057 781 4120 intpp.
803 4083 833 4092 —
847 4057 930 4106 Scrm.
946 4057 967 4117 t,
985 4071 1012 4117 u,
1030 4059 1069 4106 25.
1088 4055 1215 4106 Matthiae
1239 4057 1408 4109 hirecenatem

339 4135 475 4200 designari
489 4135 568 4186 docet
580 4136 757 4200 Porphyrion,
778 4136 822 4186 cui
845 4135 991 4186 assentitur
1004 4135 1148 4198 Weichert,
1166 4135 1236 4186 Poct.
1248 4136 1332 4187 Latin.
1347 4134 1408 4193 flet,

272 4271 285 4290 ι
339 4232 365 4281 p.
382 4221 436 4275 tte,
452 4215 610 4267 adversante
622 4217 774 4277 Meibomio‚
787 4219 921 4276 decenne,
938 4229 960 4266 c.
973 4230 1019 4278 xx,
1032 4219 1056 4276 3,
1068 4230 1094 4279 p.
1114 4219 1169 4267 122.
