3130 5064
641 530 783 582 -39-

180 663 324 722 eventus
342 662 475 744 parant.
493 654 651 745 Exempli
671 655 793 744 gratia,
820 655 879 722 illa
907 655 1121 723 taciturnitas
1140 675 1246 746 quom

178 769 294 861 plures
314 770 405 861 apud
421 771 697 839 cumlaudavere
715 775 739 853 ¹,
757 793 930 862 quamque
949 772 1140 860 Augustus,
1158 776 1244 836 teste

179 885 359 967 Suetonio,
381 887 487 954 semel
510 894 644 955 tantum
667 887 885 970 desideravit,
903 887 982 978 quis
1005 886 1114 954 nescit
1133 908 1246 977 quen-

179 1010 252 1069 tum
272 1002 404 1072 valeat?
424 1002 507 1083 Qua
530 1025 638 1093 quum
662 1003 767 1072 fidem
788 1003 903 1084 faciat,
924 1009 1126 1092 metumque
1148 1000 1246 1069 tollat

179 1141 247 1210 quo
268 1143 288 1186 a
311 1118 450 1187 secretis
474 1119 671 1208 retegendis
690 1119 797 1187 animi
813 1119 1042 1200 deterrentur,
1064 1117 1173 1186 virtus
1189 1117 1248 1185 ha·

178 1234 292 1303 benda
307 1241 359 1302 est
372 1235 409 1302 in
423 1235 538 1324 legato
557 1263 572 1298 a
585 1236 720 1324 magnis
736 1235 778 1303 de
793 1235 896 1302 rebus
907 1235 1012 1302 misso
1025 1263 1041 1297 »
1059 1235 1244 1325 praecipua.

181 1351 303 1442 Neque
335 1373 455 1418 rursus
484 1373 524 1419 ea
549 1351 762 1420 taciturnitas
795 1351 887 1442 apud
920 1351 1143 1418 Maeceuatem
1175 1358 1249 1419 erat

180 1489 256 1558 qnae
285 1466 392 1534 ullam
426 1475 486 1535 ant
513 1467 659 1536 tristitia
688 1477 748 1536 ent
776 1466 1063 1535 dissimulationis
1097 1465 1248 1560 speciem

179 1581 359 1673 praeberet.
390 1582 480 1650 Eum
509 1583 602 1650 enim
631 1606 722 1650 nunc
751 1581 910 1674 jocosum
938 1581 1102 1650 Horatius
1133 1581 1246 1666 vocat,

181 1719 272 1765 nnnc
292 1694 478 1766 candidum
495 1704 519 1764 ².
541 1698 674 1790 Nempe
685 1698 853 1766 urbanam
868 1697 1054 1790 qnamdam
1070 1706 1104 1766 et
1121 1697 1249 1767 amabi·

181 1813 250 1881 lem
270 1813 468 1882 comitatem
482 1837 552 1905 prae
568 1813 763 1897 ecferebat,
781 1838 850 1905 qua
865 1813 1034 1882 amicitias
1050 1814 1114 1881 sihi
1134 1814 1250 1883 conci-

182 1929 279 1998 liavit
298 1938 331 1998 et
349 1930 547 2006 verissimas
563 1940 598 1998 et
613 1930 862 1999 stabilissimae.
886 1931 975 2000 Tum
993 1930 1151 1998 homines
1171 1931 1249 2022 qui·

182 2048 328 2117 buscnm
342 2048 610 2117 conversabatur
628 2047 742 2137 sagaci
763 2047 913 2139 quadam
931 2047 1115 2139 prudentia
1130 2048 1249 2116 obser-

182 2165 285 2235 vabat
308 2172 342 2232 et
361 2164 596 2253 dignoscebat,
628 2163 847 2232 acutissimus
877 2163 1099 2252 ingeniorum
1127 2187 1249 2256 specu-

183 2283 273 2351 lator
288 2286 313 2364 ³,
334 2282 591 2372 perspectisque
607 2281 824 2371 singulorum
843 2281 998 2348 moribus
1018 2289 1052 2348 et
1070 2280 1194 2349 studiis
1216 2290 1250 2349 et

182 2397 431 2480 voluntatibus,
455 2406 576 2465 notum
591 2397 738 2466 habebat
753 2420 822 2488 qua
836 2419 879 2465 ex
897 2404 993 2489 parte
1012 2419 1249 2491 unumquem-

184 2537 252 2608 que
266 2521 425 2596 tentaret,
444 2513 604 2589 irretiret,
623 2521 770 2606 caperet.

132 2653 142 2678 ⁶
250 2631 565 2699 Praetereasumma
580 2629 901 2698 eafuitMaecenatis
912 2629 1063 2713 solertia,
1076 2637 1126 2713 nt,
1144 2653 1250 2722 quam

184 2746 372 2817 Octaviano
394 2745 551 2815 addictus
571 2755 672 2828 esset,
694 2753 863 2837 quantum
885 2745 1076 2814 commodis
1097 2744 1170 2837 ejus
1195 2747 1249 2815 in-

183 2864 340 2947 serviret,
361 2886 540 2955 nunquem
556 2862 757 2946 ostenderit,
779 2863 877 2954 qnasi
897 2885 967 2930 non
987 2862 1061 2955 ejus
1081 2862 1250 2955 interpres

184 2989 286 3063 esset,
312 2980 374 3050 sed
402 2980 608 3071 aequabilem
637 2979 896 3048 conciliatorem
918 2979 1075 3071 utrisque
1094 2979 1250 3070 partibus

184 3119 258 3165 sese
287 3095 435 3164 offerret.
468 3096 625 3165 Suasisse
654 3118 734 3164 eum
763 3095 950 3172 Octaviano
979 3093 1186 3162 modestiam
1217 3104 1251 3163 et

184 3212 452 3293 cunctationem,
474 3235 513 3279 ac
532 3212 658 3304 saepius
682 3211 813 3280 cavisse
833 3234 877 3279 ne
900 3209 1100 3279 ambitionis
1118 3209 1251 3302 impetu

185 3327 384 3397 adolescens
412 3327 449 3394 in
472 3327 625 3418 pericula
648 3327 857 3419 improvisus
881 3327 1041 3410 ferretur,
1062 3325 1249 3397 verisimil-

184 3445 306 3513 limum
320 3453 372 3513 est
383 3445 408 3511 ⁴.
431 3444 499 3512 Sed
514 3444 550 3512 id
560 3444 1128 3536 quoquecredendumabntroqne
1143 3444 1250 3513 finisse

186 3570 286 3630 antea
305 3559 536 3652 compositum
559 3568 594 3628 et
617 3568 784 3629 statutum
808 3570 846 3630 ut
865 3562 951 3629 alter
976 3562 1119 3630 alteram
1142 3561 1251 3629 veluti

185 3700 370 3770 personam
384 3686 513 3767 egeret,
535 3677 813 3769 Octavianusque
833 3677 984 3746 difficilis
999 3686 1033 3746 et
1043 3699 1144 3768 asper
1158 3676 1269 3768 vide,

233 3930 255 3977 t.
274 3926 347 3977 Suet.
365 3927 443 3992 deq„
458 3929 498 3976 66.
513 3953 543 3964 -
561 3927 622 3977 Hor.
641 3925 869 3986 Scrm.‚1,v1,6t.

231 4008 256 4056 2.
273 4007 358 4071 Epod.
370 4021 405 4068 111,
416 4009 461 4068 2⁰3
476 4021 527 4070 siv,
544 4010 566 4059 5.

146 4135 150 4151 ,
234 4087 257 4136 3.
272 4085 338 4136 Vell.
353 4087 454 4137 Petere.
470 4087 502 4148 ll,
518 4088 557 4137 88.

235 4165 258 4215 l.
274 4164 331 4215 Dio.
343 4166 392 4227 LV,
407 4168 430 4216 Ἰ.
