3130 5064
773 545 807 559 -
826 519 860 574 23
880 549 914 558 ..

374 640 454 722 Sed,
476 663 519 708 ne
539 642 580 709 ab
601 641 735 732 iis'qure
755 641 799 708 ad
817 664 891 710 rem
914 652 1067 711 nostram
1086 645 1261 734 pertinent
1280 646 1375 726 decr,

306 780 435 840 remus,
461 757 647 827 Octaviano
676 759 786 826 multa
813 761 1030 830 cunctatione
1058 783 1144 851 opus
1170 761 1236 829 fuit
1260 763 1374 853 prius·

307 897 412 968 quam
440 875 512 944 haec
542 875 658 952 omnia
690 876 870 966 perliceret
893 901 969 968 quae
990 877 1186 946 cautissime
1205 880 1374 969 praecogi-

307 999 448 1063 taverat.
480 991 529 1059 Ac
553 991 704 1082 primum
729 1014 805 1060 eam
838 1015 943 1083 quam
976 1015 1079 1084 supra
1105 995 1374 1064 memoravimus

306 1107 535 1176 Brundusinae
549 1108 644 1198 pacis
664 1100 919 1190 conditionem,'
942 1132 1009 1200 qua
1034 1109 1068 1178 S.
1098 1110 1286 1201 Pompeius
1309 1135 1371 1203 pro

198 1275 207 1292 .
306 1224 404 1292 hoste
423 1223 612 1293 habebatur
627 1232 661 1292 et
678 1224 809 1293 bellum
824 1222 988 1293 adversus
1004 1248 1084 1293 eum
1099 1225 1373 1296 continuandum

307 1363 381 1408 esse
411 1340 669 1421 decernebatur,
695 1341 873 1429 egerrime
901 1342 1049 1432 populus
1078 1343 1253 1410 Romanus
1281 1343 1370 1411 tulit.

305 1456 394 1524 Nam
408 1456 596 1547 Pompeius
611 1456 748 1523 Italiam
766 1457 1013 1525 commeatibus
1037 1457 1298 1541 intercludebat,
1325 1459 1375 1551 ip-

306 1594 448 1662 samque
463 1571 591 1640 Urbem
610 1571 700 1638 fame
714 1595 821 1663 prope
837 1572 1035 1640 suffocabat.
1059 1573 1142 1654 Quae
1164 1597 1271 1664 quum
1286 1575 1373 1644 sedi-

305 1687 437 1756 tionem
459 1687 569 1778 plebis
588 1686 768 1755 minaciter
793 1711 914 1779 pacem
939 1688 1188 1780 expostulantis
1208 1691 1373 1760 concitas-

306 1797 382 1872 sent
399 1806 423 1885 ¹,
440 1803 548 1872 sensit
561 1802 767 1872 Octavianus
782 1803 825 1872 ad
840 1805 1153 1874 dissimulationem
1164 1828 1238 1874 esse
1254 1807 1336 1875 conf
1360 1848 1372 1858 -

306 1921 483 2010 giendum,
500 1943 564 1988 nec
579 1920 708 1988 diutius
724 1943 801 1990 cum
817 1921 852 1988 S.
871 1922 1038 2013 Pompeio
1054 1922 1371 1991 reconciliationem

305 2037 485 2106 recusavit.
518 2037 629 2105 Prius·
642 2045 723 2104 vero
749 2059 854 2128 quam
879 2038 915 2104 in
934 2039 1165 2129 praestitutum
1185 2039 1371 2130 quemdam

304 2154 420 2222 locum
436 2153 643 2222 Octavianus
661 2152 904 2244 Antoniusque
929 2161 962 2222 et
983 2154 1017 2223 S.
1034 2155 1221 2246 Pompeius
1244 2179 1370 2225 conve-

305 2270 431 2351 nirent,
448 2269 580 2358 legatos
594 2269 775 2351 miserunt,
788 2293 937 2361 quorum
956 2270 1014 2339 alii
1030 2271 1072 2340 ab
1092 2271 1196 2354 Urbe,
1207 2271 1263 2338 alii
1280 2295 1299 2338 a
1315 2271 1369 2340 Si-

193 2444 196 2454 ,
305 2386 384 2455 cilia
393 2385 537 2477 profecti
553 2385 596 2454 ad
606 2386 707 2455 Baias
722 2387 898 2476 congressi
910 2397 990 2456 sunt
1004 2412 1042 2456 ac
1058 2388 1100 2456 de
1115 2410 1198 2480 pace
1210 2396 1366 2476 egerunt.
1439 2379 1443 2388 ’

304 2502 527 2571 Maecenatem
538 2501 642 2569 etiam
656 2510 738 2571 tnnc
749 2502 927 2572 Octaviani
936 2503 1042 2572 fuisse
1053 2503 1288 2595 interpretem,
1298 2526 1369 2572 non

304 2626 356 2688 est
375 2641 435 2686 cur
450 2625 509 2686 aut
523 2617 702 2686 credamus
717 2627 777 2686 aut
790 2619 989 2695 infitiamur.
1012 2619 1062 2686 De
1082 2609 1146 2688 hac
1165 2619 1271 2709 igitur
1285 2643 1368 2711 pace

303 2758 374 2803 non
388 2734 487 2826 plura
500 2734 606 2802 verba
624 2734 801 2816 faciemus,
825 2743 1055 2827 praterquam
1079 2736 1173 2827 qnod
1196 2759 1369 2806 memora-

303 2851 417 2919 bimus
431 2850 472 2918 id
492 2858 657 2930 statutum
670 2850 777 2919 fuisse
798 2859 837 2918 ut
856 2850 891 2919 S.
914 2851 1101 2942 Pompeius
1125 2852 1161 2920 in
1182 2851 1298 2920 Sicilia
1313 2875 1368 2928 re,-

302 2961 458 3038 manerct
478 2990 591 3059 neque
611 2989 765 3059 unquam
784 2967 932 3036 Romam
960 2969 1088 3036 redilet
1104 2990 1111 3036 :
1129 2991 1197 3059 qua
1222 2969 1367 3061 stipula·

302 3087 396 3154 tione
412 3107 520 3176 quum
534 3085 664 3152 nullam
680 3084 887 3153 Octavianus
903 3085 1134 3176 antiquiorem
1156 3085 1310 3168 haberet,
1331 3086 1367 3152 in

303 3203 369 3271 hoc
383 3225 522 3293 quoque
544 3201 685 3283 fordere,
713 3201 801 3271 sicut
823 3201 860 3270 in
879 3200 1013 3284 ceteris,
1036 3200 1270 3274 eamdemum
1290 3223 1368 3269 sen-

304 3317 447 3385 tentiam
465 3316 588 3385 vicisse
608 3324 712 3408 patet,
728 3341 804 3408 quae
818 3317 969 3385 maxime
984 3340 1063 3385 cum
1082 3317 1260 3385 Octaviani
1274 3340 1367 3386 com-

302 3433 416 3501 modis
430 3441 636 3521 congrueret
652 3440 676 3499 ².

303 3579 320 3598 ·-
370 3551 560 3641 Postquam
578 3571 661 3618 vero
681 3549 855 3617 Antonius
870 3549 970 3617 Italia
984 3549 1131 3618 excessit
1144 3549 1368 3640 Athenasque

303 3666 437 3758 petivit,
450 3666 523 3749 ubi,
539 3689 602 3758 per
614 3667 765 3758 speciem
779 3666 1020 3735 Parthicibclli
1031 3665 1231 3758 apparandi,
1243 3665 1367 3756 volup-

302 3783 430 3859 tatibus
445 3805 481 3850 se
495 3791 668 3874 mergeret
680 3783 703 3866 ¹,
721 3791 825 3850 tenax
843 3783 1011 3875 propositi
1027 3780 1367 3851 Octavianusstatim

351 4003 373 4051 t.
389 4001 447 4061 Dio,
457 4001 566 4062 XLVIII,
581 4003 620 4052 31.

350 4083 373 4130 2.
386 4079 452 4144 App.
469 4080 532 4130 Bell.
548 4082 595 4130 civ.
614 4081 644 4142 V,
661 4083 740 4132 67-73.
759 4105 789 4117 -
806 4078 864 4139 Dio,
886 4080 994 4140 XLVIII,
1009 4081 1091 4130 36-38.

350 4163 374 4213 3.
385 4160 451 4226 App.
473 4160 535 4212 Bell.
552 4163 636 4224 clav,
647 4165 687 4214 76.
