3130 5064
597 550 735 602 ..19-

137 669 193 738 riae
208 668 303 740 haud
317 666 496 750 mediocri,
516 669 576 736 uhi
587 667 660 758 jam
680 691 770 736 anno
790 669 831 738 U.
851 668 888 737 G.
907 671 983 750 451,
1002 691 1111 757 genus
1128 669 1197 738 Cil-

139 785 234 854 nium
251 793 447 877 praepotcns
460 784 566 852 fuisse
582 785 680 852 Titus
695 783 813 853 Livius
828 784 928 872 docet
945 784 976 852 ¹..
987 785 1101 866 Quum
1115 809 1197 854 vero

138 910 246 993 poetae
267 901 328 992 qui
342 901 563 970 Maecenatem
580 899 808 968 laudaverunt
828 900 1007 968 Etruscam
1026 901 1115 970 hanc
1135 902 1201 970 ori·

142 1017 257 1107 ginem
276 1040 383 1108 prope
406 1040 579 1108 nusquam
600 1015 797 1098 omiserint,
825 1016 1028 1085 adducimur
1055 1017 1098 1085 ad
1124 1040 1199 1086 cre·

139 1134 290 1202 dendum
308 1133 486 1201 Maecenati
501 1155 639 1224 quoque
655 1141 773 1200 nostro
789 1131 1027 1200 auctoritatem
1042 1131 1078 1199 in
1093 1132 1199 1200 natali

140 1250 265 1341 oppido
277 1257 311 1316 et
320 1249 356 1316 in
367 1249 504 1316 Etruria
513 1247 606 1316 haud
615 1248 785 1318 minorem
796 1247 981 1336 contigisse
990 1271 1094 1338 quam
1104 1270 1202 1338 proa-

139 1367 202 1436 vis.
234 1365 335 1448 Quod
359 1365 402 1432 ad
430 1387 504 1434 rem
531 1372 683 1432 nostram
707 1362 849 1431 minime
875 1372 1027 1454 spectare
1053 1387 1096 1431 ne
1124 1364 1202 1454 quis

141 1481 335 1550 contendat.
353 1483 394 1549 In
404 1480 501 1548 ltalia
515 1479 608 1548 enim
622 1479 733 1571 prima
747 1479 837 1546 bella
856 1479 962 1568 gessit
977 1479 1200 1566 Octavianus3

141 1620 253 1688 neque
269 1604 343 1664 turn
362 1595 483 1663 inutile
505 1603 578 1662 erat
603 1595 762 1686 quaedam
781 1595 907 1686 oppida
930 1596 1069 1680 habere,
1094 1599 1154 1665 uhi
1172 1607 1206 1666 et

143 1711 313 1781 instruere
332 1711 471 1794 milites,
498 1719 531 1778 et
553 1711 706 1794 reficere,
733 1720 768 1779 et
789 1712 891 1780 tutari
906 1735 1036 1803 posses.
1059 1714 1207 1782 Multum

145 1829 275 1897 scilicet
293 1826 435 1895 interest
453 1827 634 1897 faveantne
649 1827 712 1893 tibi
726 1827 922 1918 populares,
944 1851 988 1895 an
1010 1829 1054 1896 sit
1073 1829 1109 1897 in
1124 1829 1205 1898 hos·
1275 1875 1278 1879 -

144 1945 209 2012 lico
225 1943 512 2033 belligerandum.
539 1943 578 2010 L.
601 1942 754 2010 Antonio
773 1951 894 2034 postea
917 1953 1084 2034 quantum
1104 1945 1209 2014 fuerit

143 2061 178 2128 in
198 2059 469 2128 Perusianorum
489 2059 649 2127 societate
670 2059 833 2150 praesidii,
857 2069 1069 2152 quantasque
1089 2085 1208 2153 poenas

146 2175 245 2244 abiis
266 2175 473 2244 Octavianus
489 2175 653 2264 exegerit,
671 2175 752 2242 satis
772 2184 904 2242 notum.
923 2177 963 2244 In
984 2176 1049 2244 hoc
1069 2202 1207 2270 quoque

143 2291 1206 2383 MaecenatemOctavianicommodisindulsisseputandumest,

146 2408 240 2502 quod
254 2409 363 2477 amice
379 2408 578 2477 adolescens
593 2409 635 2476 ab
654 2406 807 2475 Aretinis
822 2417 983 2500 exceptus
997 2409 1103 2478 fuisse
1117 2410 1210 2480 vide-

124 2613 126 2619 .
147 2533 212 2594 tur.
237 2525 343 2616 Cujus
363 2525 617 2616 benevolentia¹
642 2522 807 2592 indicium
827 2526 1002 2616 quoddam
1021 2527 1210 2618 deprehen-

148 2641 261 2710 dimus
288 2663 295 2711 :
327 2665 434 2733 quum
463 2639 555 2710 enim
586 2639 622 2708 id
648 2640 778 2707 bellum
811 2641 1017 2710 Octavianus
1046 2644 1210 2713 adversus

148 2758 194 2828 M.
211 2749 405 2826 Antenium
424 2758 615 2840 moliretur,
633 2756 727 2848 quod
741 2757 935 2826 Mutinense
951 2759 1080 2828 dictum
1097 2770 1158 2844 est,
1178 2770 1212 2829 et
1254 2820 1256 2824 ,

149 2873 184 2941 in
203 2883 276 2942 tota
295 2875 393 2942 Italia
415 2875 543 2942 milites
567 2874 808 2956 conscriberet,
831 2852 988 2942 Aretium
1009 2898 1068 2943 eos
1090 2899 1212 2946 conve-

148 2991 222 3058 nire
239 2990 354 3080 jussit,
371 2990 463 3058 unde
479 2990 642 3059 adversus
656 2989 848 3057 Antonium
869 3010 1043 3058 mercum
1059 2993 1212 3061 exercitu

148 3107 322 3198 profectus
347 3114 408 3173 est.
431 3107 592 3173 Proxime
618 3106 800 3174 advenum
820 3106 950 3177 accedit
968 3131 1039 3174 non
1055 3131 1135 3175 casu
1150 3133 1211 3177 ne-

149 3246 216 3314 que
240 3221 382 3290 fortuita
403 3222 552 3312 quadam
579 3245 695 3289 rerum
719 3222 944 3290 concursione
973 3223 1210 3309 Octavianum,

149 3338 240 3406 bella
273 3336 386 3407 civilia
418 3331 675 3428 auspicantem,
700 3337 811 3429 ipsam
838 3339 1033 3408 Maecenatis
1063 3343 1213 3410 natalem

150 3455 272 3523 urbem
288 3453 506 3545 potissimum
521 3453 678 3543 elegisse,
705 3454 876 3546 inquam,
900 3457 997 3547 quasi
1024 3457 1058 3523 in
1084 3481 1210 3541 arcem,
1239 3505 1242 3510 -

151 3570 266 3663 copias
286 3592 364 3637 suas
384 3568 600 3637 contraheret
619 3578 653 3636 et
672 3581 897 3658 congregaret
914 3572 938 3638 ².

216 3683 334 3754 Prima
353 3684 458 3773 igitur
482 3683 678 3752 Maecenatis
698 3685 734 3751 in
754 3684 979 3754 Octavianum
999 3688 1121 3756 merita
1137 3712 1213 3780 quae
1263 3741 1269 3748 -

153 3811 350 3894 quantaque
379 3800 519 3884 luerint,
549 3801 611 3868 etsi
645 3809 778 3870 veteres
802 3825 917 3870 rerum
951 3805 1133 3896 scriptores
1161 3830 1216 3874 en-

153 3942 266 4010 presse
295 3941 467 4010 nusquam
497 3918 669 4000 dixerunt,
692 3917 857 4009 suspicari
882 3928 996 3988 tamen
1015 3944 1212 4012 possumus

199 4098 222 4144 l.
237 4096 286 4146 Tit.
303 4094 358 4144 Liv.
376 4094 406 4156 X,
419 4095 441 4144 3.

196 4177 219 4224 2.
237 4175 302 4238 App.
319 4173 381 4222 Bell.
395 4175 452 4231 civ„
468 4175 513 4234 lll,
529 4176 566 4224 la.
