3130 5064
763 521 795 536 ·-
817 495 850 548 tt
870 521 903 542 -,

298 619 460 702 consilia;
488 617 564 686 aliis
583 617 687 684 rebus
715 617 780 684 sibi
800 639 892 684 nunc
911 617 1163 689 consulendum
1180 621 1203 686 ¹.
1230 619 1363 710 Itaque,

297 734 533 804 stomachante
554 731 718 814 Antonio,
735 731 904 823 novisque
920 731 1150 801 simultatibus
1169 733 1243 824 jam
1264 757 1364 802 coor-

300 849 356 932 tis,
374 849 514 918 Octavia
533 849 568 916 in
587 847 860 940 pacificationem
875 869 950 916 sese
969 847 1188 940 interposuit,
1211 873 1302 918 nunc
1321 849 1366 918 ἃᾶ

300 965 426 1046 virum,
452 987 543 1033 nunc
571 963 616 1032 ἃᾶ
638 964 779 1054 fratrem
798 963 976 1045 accedens,
999 973 1038 1032 ut
1060 964 1215 1033 infensos
1230 965 1365 1034 animos

300 1081 434 1150 leniret.
461 1081 553 1162 Quas
577 1080 857 1148 concursationes
885 1079 932 1148 ita
950 1088 1067 1180 narrat
1086 1079 1264 1171 Appianus
1280 1082 1306 1162 ²,
1327 1089 1366 1148 ut

298 1198 399 1268 facila
419 1205 582 1288 appareat
595 1195 821 1265 Octavianum
840 1218 947 1264 novas
963 1195 1220 1264 criminationes
1234 1195 1278 1264 ἃᾶ
1297 1195 1364 1263 dii-

299 1313 530 1408 ferendum'et
543 1311 785 1402 prolatandum
804 1312 960 1380 consulto
980 1312 1139 1382 molitum
1159 1332 1244 1381 esse.
1262 1312 1366 1396 Deni-

300 1451 368 1521 que
384 1436 619 1519 comparatum
634 1436 737 1496 estut
754 1428 873 1517 legati,
890 1437 964 1497 tum
983 1429 1025 1496 ab
1039 1428 1205 1511 Antonio,
1228 1437 1303 1496 tum
1321 1429 1365 1496 ab

303 1543 489 1614 Octaviano
518 1543 632 1625 missi,
662 1551 852 1613 conventus
877 1544 968 1612 inter
990 1565 1026 1612 se
1050 1543 1215 1613 haberent
1238 1544 1365 1636 quibus

300 1682 421 1729 omnes
435 1659 513 1728 lites
532 1668 837 1750 componerentur,
863 1661 1115 1752 praeteritarum
1134 1651 1365 1728 offensionum

299 1775 446 1865 vestigia
474 1775 691 1858 delerentur,
722 1775 889 1868 firmaque
917 1800 984 1868 pax
1012 1786 1047 1846 et
1074 1777 1219 1847 societas
1252 1777 1364 1845 sanci-

299 1901 406 1962 retur.

367 2009 408 2075 In
427 2006 514 2076 hanc
523 2007 733 2096 legationem
748 2009 807 2076 abs
828 2007 932 2077 dubio
948 2008 1038 2076 cadit
1054 2008 1065 2042 ³
1081 2008 1140 2076 illa
1154 2008 1287 2076 Horatii
1308 2031 1364 2075 sa-

301 2125 366 2193 tira
381 2148 449 2215 qua
470 2124 536 2192 iter
558 2125 721 2192 suamab
744 2124 829 2192 urhe
857 2124 1094 2192 Brundusium
1116 2147 1226 2216 usque
1254 2125 1363 2192 facete

298 2249 428 2323 narrat,
455 2261 588 2331 nosque
611 2249 731 2308 monet
758 2241 980 2309 Maecenatem
1009 2251 1043 2309 et
1066 2240 1248 2309 Cocceium
1269 2242 1364 2309 Fon-

300 2357 478 2448 teiumque
507 2357 609 2426 simul
639 2357 841 2448 Capitonem
867 2357 1086 2426 Terracinam
1111 2357 1217 2449 (quod
1240 2356 1365 2424 Anxur

299 2497 438 2566 quoque
458 2462 651 2564 dicebaturi
668 2474 883 2541 convenisse.

422 2609 480 2658 Huc
491 2612 620 2660 venturus
631 2613 687 2658 erat
703 2609 833 2659 Maecenas
847 2609 962 2674 optimus
977 2611 1055 2674 atque

333 2673 338 2684 ’
424 2687 558 2749 Cocceius,
573 2689 647 2737 missi
659 2687 763 2755 magnis
776 2688 808 2738 de
822 2689 903 2738 rebus
914 2693 1027 2752 uterque

422 2768 521 2832 Legati,
537 2782 644 2818 aversos
656 2768 726 2819 soliti
738 2783 897 2832 componere
911 2769 1019 2820 amicos

421 2883 522 2900 ..........
541 2850 645 2900 Interea
656 2850 787 2901 Maecenas
802 2850 917 2910 advenit,
932 2852 1010 2914 atque
1051 2851 1055 2862 ’

420 2929 555 2990 Cocceius,
569 2930 714 2994 Capitoque
730 2929 809 2980 simul
821 2931 956 2992 Fonteius,
968 2931 1001 2980 ad
1016 2943 1143 2994 unguem.

418 3009 512 3058 Factus
526 3009 616 3071 homo,
632 3010 739 3071 Antoni,
752 3024 809 3059 non
822 3013 852 3059 ut
865 3011 949 3074 magis
964 3010 1037 3071 alter,
1049 3010 1149 3060 amicus
1164 3011 1182 3058 ὃ.

338 3123 521 3193 Nonnullae
546 3133 662 3192 tamen
682 3134 762 3193 sunt
775 3126 810 3193 in
825 3125 888 3193 hac
904 3125 1008 3192 satira
1023 3124 1260 3207 obscuritates,
1273 3145 1360 3215 quas

294 3239 477 3323 discutere,
499 3240 527 3306 si
556 3251 588 3308 te
618 3241 661 3308 ad
683 3242 883 3309 temerarias
903 3241 1130 3332 interpretum
1145 3240 1359 3331 conjecturas

295 3356 496 3438 contuleriS,
523 3356 766 3424 difficillimum
790 3357 870 3440 erit,
897 3357 1100 3426 facillimum
1129 3380 1225 3439 vero,
1257 3357 1284 3424 si
1316 3357 1361 3425 ἃᾶ

294 3480 420 3550 natum
439 3495 555 3540 rerum
577 3472 789 3563 consiliaque
812 3473 989 3543 Octaviani
1013 3497 1052 3542 ac
1071 3473 1267 3542 Maecenatis
1286 3495 1359 3541 res·
1431 3455 1434 3460 ⁵

291 3589 427 3680 pexeris
444 3599 467 3656 ⁵.

339 3729 361 3776 t.
375 3724 441 3788 App.
463 3723 527 3773 Bell.
546 3725 603 3784 civ„
623 3725 653 3784 V,
671 3725 710 3774 93.

339 3805 363 3852 2.
381 3803 420 3852 ld.
436 3803 501 3853 ibid.

338 3885 361 3932 3.
378 3883 436 3933 Vid.
453 3883 553 3932 Horatii
567 3884 734 3947 interpretes,
746 3884 929 3948 acprccsertim
939 3883 1074 3945 Kircltncr,
1084 3885 1363 3946 Orestionrcfloratie-

295 3962 534 4028 raae‚Naumh011rg,
544 3964 614 4013 tati.
628 3964 664 4027 (p.
679 3965 768 4028 att-ao).
779 3990 809 4000 -·
823 3965 860 4014 Ci.
877 3964 1020 4026 Frondem,
1035 3979 1062 4028 p.
1077 3966 1157 4016 orat.

341 4044 365 4093 4.
378 4043 441 4092 Hor.
458 4042 541 4092 Serm.
554 4044 575 4102 I,
590 4047 613 4103 t,
633 4047 671 4096 27.

341 4124 363 4171 5.
382 4121 468 4179 Quare
488 4123 567 4186 legati
583 4123 691 4173 Antonii
705 4125 870 4174 Terracinam
890 4140 950 4176 cum
970 4126 1106 4176 Octaviani
1123 4127 1216 4190 legatis
1230 4141 1361 4178 convene·
