3130 5064
554 598 558 610 ,
654 539 797 592 -m-

195 658 300 726 menti
315 657 451 744 haheat,
472 659 502 726 si
516 659 594 750 quis
612 661 649 728 in
673 659 923 729 Mediterranea
945 659 1032 728 mari
1052 661 1184 751 pollere
1197 681 1255 728 vo-

194 773 306 856 luerit,
329 773 410 842 satis
426 783 556 843 natum.
575 775 658 857 Quae
679 776 795 844 omnia
814 799 922 868 quum
941 775 1148 845 Octavianus
1166 774 1254 843 miro

195 889 345 980 quodam
368 889 501 978 ingenii
528 891 686 959 acumine
713 892 955 983 perspexisset,
981 892 1018 959 in
1041 891 1169 983 duplici
1196 891 1254 960 illo

193 1005 336 1073 consilio
351 1004 405 1072 his
420 1005 519 1073 annis
534 1015 689 1074 versatus
705 1015 767 1088 est,
786 1016 824 1074 ut
837 1007 966 1075 bellum
982 1005 1145 1076 adversus
1155 1009 1257 1076 Pom·

193 1120 312 1212 peium
322 1121 422 1188 tacite
437 1121 618 1188 moliretur
633 1131 667 1189 et
681 1122 727 1189 M.
739 1121 931 1190 Antonium
941 1123 1039 1191 Italia
1045 1123 1255 1192 ludificando

194 1243 380 1304 amoveret.
408 1235 594 1326 Adjutores
617 1235 737 1304 habuit
758 1246 793 1304 et
815 1237 992 1306 ministros
1013 1238 1156 1329 parandi
1175 1239 1257 1306 belli

193 1351 394 1443 Agrippam,
416 1352 598 1421 amovendi
614 1353 758 1421 Antonii
774 1354 1005 1421 Maecenatem.

260 1468 382 1559 Neque
396 1469 432 1535 in
447 1469 667 1537 Brundusina
685 1493 768 1562 pace
789 1493 829 1539 ea
852 1469 1065 1562 praetermitti
1085 1470 1186 1538 debet
1200 1493 1256 1538 so-

193 1584 305 1666 lertia,
326 1606 396 1674 qua
415 1583 622 1654 Octavianus
646 1609 801 1654 sororem
823 1609 920 1654 suam
939 1587 975 1653 in
999 1586 1262 1655 matrimonium.

190 1699 344 1768 Antonio
354 1700 534 1771 collocavit
551 1704 574 1768 ¹.
592 1703 624 1771 N
626 1725 695 1785 am,
706 1703 788 1771 dum
802 1701 935 1771 vixerat
949 1702 1083 1784 Fulvia,
1096 1701 1259 1770 luriisac-

195 1839 296 1885 censa
314 1817 440 1884 mulier
454 1825 489 1885 et
506 1817 620 1888 virum
635 1817 678 1885 ad
697 1819 936 1887 reluctandum
952 1817 1123 1886 concitare
1143 1819 1262 1901 solitas

194 1941 348 2001 senserat
366 1934 517 2002 maximo
535 1934 739 2002 detrimento
757 1957 819 2002 suo
841 1933 1048 2002 Octavianus
1071 1962 1086 1996 α
1108 1933 1192 2026 quid
1206 1935 1257 2003 fa-

193 2049 288 2116 mina
305 2057 432 2140 posset.
457 2077 473 2112 »
490 2051 617 2118 Postea
630 2072 725 2133 vero,
743 2049 900 2141 quamvis
916 2049 1057 2119 Octavia
1070 2073 1132 2142 pro
1148 2074 1257 2120 uxore

194 2187 264 2233 non
283 2165 398 2234 minus
426 2188 530 2256 quam
557 2189 620 2257 pro
641 2187 758 2234 sorore
779 2165 1021 2234 honestissime
1041 2188 1077 2233 se
1097 2165 1259 2255 gesserit.

193 2281 512 2349 commodissimum
536 2281 661 2349 Caesari
692 2281 758 2349 fuit
785 2280 877 2372 apu'd
898 2281 1090 2349 Antonium
1113 2305 1183 2350 non
1212 2281 1258 2350 al-

193 2406 302 2465 teram
325 2397 483 2465 Fulviam
506 2419 593 2479 esse,
623 2397 683 2465 sed
710 2420 786 2465 eam
809 2420 885 2489 quae
905 2404 964 2465 aut
985 2396 1100 2465 virum
1122 2398 1257 2488 placere

192 2514 311 2583 mallet
325 2536 429 2605 quam
448 2513 644 2596 incendere,
671 2522 730 2582 eut
747 2513 831 2606 quid
851 2514 909 2582 ille
932 2513 1075 2582 sentiret
1097 2537 1136 2582 ac
1154 2513 1260 2582 moli-2

191 2639 286 2698 retur
309 2629 413 2698 etiam
438 2629 546 2698 invita
572 2630 770 2720 detegerem.
791 2639 860 2713 aut,
884 2631 951 2699 sia
977 2630 1136 2722 conjuge,
1164 2630 1259 2722 quod

193 2745 334 2838 quidem
349 2745 447 2814 facile
463 2745 644 2838 praevideri
658 2755 803 2838 poterat,
821 2747 910 2816 male
926 2747 1121 2829 haberetur,
1139 2770 1258 2816 causas

192 2861 288 2931 fratri
308 2870 486 2953 praestaret
512 2861 681 2930 irascendi
708 2862 872 2931 adversus
897 2861 1073 2945 aemulum,
1102 2870 1136 2930 et
1162 2863 1257 2946 belli,

193 2986 357 3070 tanquam
390 2978 434 3046 ad
461 2977 694 3047 ulciscendam
717 3000 885 3060 sororem,
917 2976 1137 3069 suscipiendi.
1168 2977 1258 3048 Huic

193 3103 309 3164 autem
334 3094 555 3163 matrimonio
578 3093 790 3162 conficiendo
820 3094 1042 3162 Maecenatem
1069 3093 1179 3184 liquet
1195 3117 1257 3188 pe-

193 3210 292 3279 rinde
312 3233 452 3302 operam
472 3211 744 3281 commodavisse
760 3219 862 3303 atque
877 3210 1005 3278 lecerat
1018 3218 1132 3293 antea,
1149 3233 1258 3302 quum

194 3317 400 3386 Octavianus
426 3318 641 3388 Scriboniam
664 3341 809 3388 uxorem
833 3318 997 3401 duxerat3
1024 3316 1116 3386 unde
1135 3317 1258 3387 Maece-

194 3441 311 3502 uatem
329 3435 527 3527 nuptiarum
541 3434 584 3504 ad
599 3459 655 3505 res
673 3435 827 3527 publicas
841 3433 1089 3526 pertinentium
1103 3433 1260 3502 concilia·

196 3557 307 3618 torem
322 3559 424 3643 atque
443 3552 611 3620 artificem
633 3552 738 3622 luisse
763 3551 903 3634 dixeris,
925 3559 959 3619 et
977 3551 1019 3619 ab
1039 3573 1079 3620 eo
1100 3549 1192 3644 apud
1206 3571 1262 3619 ve·

195 3673 285 3736 teres
316 3691 424 3761 prope
446 3669 679 3759 excogitatum
707 3668 805 3737 illum
833 3667 1086 3736 connubiorum
1113 3688 1259 3750 morem,

197 3784 298 3852 toties
321 3783 472 3874 posthaec
500 3785 592 3876 apud
611 3783 820 3854 recentiores
843 3782 1021 3865 usitatum,
1048 3805 1117 3874 quo
1145 3782 1262 3873 puella

196 3885 299 3990 quasi
308 3899 457 3990 pretium
471 3900 564 3991 pacis
584 3909 643 3969 aut
658 3899 829 3969 societatis
848 3898 974 3992 pignus
990 3897 1147 3967 traditur.

242 4167 264 4214 l.
279 4164 342 4228 App.
357 4163 421 4214 Bell.
434 4163 491 4227 cie,
505 4167 535 4227 V,
549 4168 589 4216 dl.
