3130 5064
791 480 981 554 -las'

329 645 424 706 vera,
458 643 658 715 quanquam
683 622 967 705 extraordinaria,
997 633 1166 715 potestate
1194 626 1390 697 induerant.

396 737 452 805 Ad
471 760 652 821 summam,
670 738 849 808 Maecenati
867 762 939 807 non
959 749 1052 808 certa
1071 741 1230 832 quaedam
1249 766 1288 812 ac
1309 745 1394 814 defi-

330 854 402 923 nita
415 876 494 945 pars
512 855 563 922 rei
581 855 740 947 publicae,
761 864 801 923 ut
814 856 1044 947 quaestoribus
1059 867 1119 925 aut
1132 858 1292 927 aedilibus
1307 861 1395 930 aliis-

331 993 397 1062 que
413 950 682 1060 magistratibus,
705 972 857 1062 gerenda
871 980 964 1056 erat;
982 973 1226 1043 universorum
1240 977 1395 1065 negotio

329 1110 408 1158 rum
425 1089 619 1180 provincia,
643 1111 858 1184 quacunque
880 1089 924 1156 ad
943 1089 1071 1157 Urbem
1091 1098 1126 1157 et
1143 1091 1277 1160 ltaliam
1296 1115 1393 1185 spec-

228 1277 232 1286 ,
329 1203 459 1287 tabant,
480 1203 530 1273 illi
545 1204 588 1272 ab
603 1204 791 1274 Octaviano
808 1204 1096 1273 committebatur.
1119 1207 1252 1297 ltaque,
1270 1209 1394 1299 quibus

329 1319 464 1388 tabellis
475 1320 617 1388 anulum
632 1317 734 1388 suum
748 1320 917 1389 Maecenas
927 1320 1159 1414 impresserat,
1173 1345 1221 1390 aae
1231 1346 1294 1414 pro
1311 1325 1394 1402 actis

279 1529 281 1534 Ι
328 1434 467 1524 publico
483 1434 583 1524 signo
600 1435 792 1524 obsignatis
806 1435 1023 1504 habebantur
1039 1439 1048 1472 ¹
1073 1459 1081 1506 :
1100 1460 1169 1528 quo
1188 1438 1284 1508 velut
1297 1441 1394 1510 testi-

329 1551 448 1619 monio
459 1551 517 1641 jus
536 1551 730 1642 imperandi
752 1551 843 1642 apud
863 1551 1006 1620 Latinos
1025 1551 1191 1621 declarari
1215 1554 1348 1622 solebat
1367 1561 1391 1623 ².

329 1666 372 1734 Et
385 1679 539 1757 prorsus,
561 1675 639 1758 pest
652 1667 829 1735 Actiacam
842 1689 1009 1759 pugnam,
1026 1666 1063 1735 in
1083 1668 1259 1738 Orientem
1275 1678 1309 1738 et
1321 1670 1396 1739 lon·

330 1781 477 1875 ginquas
491 1782 653 1872 regiones
670 1781 814 1873 jamjam
834 1783 1053 1877 proiecturus
1078 1783 1192 1853 Gaesar
1215 1785 1395 1878 proprium

330 1899 472 1968 anulum
482 1899 660 1968 Maecenati
674 1897 774 1989 juxta
794 1907 828 1967 et
840 1898 1004 1991 Agrippae
1015 1899 1167 1991 reliquit,
1180 1924 1249 1993 quo
1264 1901 1396 1970 litteras

329 2039 415 2107 quas
434 2015 507 2109 ipse
523 2015 567 2084 ad
582 2024 741 2084 senatum
757 2015 887 2085 aliosve
902 2015 1106 2106 scripsisset,
1124 2018 1396 2108 antequamred-

329 2132 504 2214 derantur,
530 2132 647 2214 lectas,
674 2140 720 2215 et,
747 2140 915 2224 quantum
934 2131 1129 2223 placuisset,
1155 2141 1316 2218 mutatas,
1339 2135 1396 2202 ob-

329 2247 506 2337 signarent
522 2251 545 2316 l.
568 2248 720 2316 Absente
740 2248 848 2338 igitur
863 2247 1009 2331 Caesare,
1028 2248 1128 2318 ambo
1151 2250 1195 2318 ad
1214 2249 1395 2321 arbitrium

328 2357 563 2435 suum'omnia
577 2373 754 2448 rexerunt,
772 2373 807 2434 et
824 2365 948 2454 magis,
969 2373 1009 2433 ut
1032 2365 1080 2436 ita
1098 2365 1222 2452 dicam,
1245 2367 1394 2460 impera·

329 2481 659 2573 veruntquamipse
679 2468 879 2574 imperator.
966 2543 970 2552 ,
1147 2464 1149 2467 ’

395 2712 474 2782 Jam
497 2736 580 2782 vero
603 2713 705 2782 adid
728 2712 944 2796 adducimur,
968 2722 1019 2796 ut,
1036 2713 1162 2805 quibus
1180 2715 1395 2806 temporibus

329 2828 499 2899 Maecenas
517 2829 602 2897 Urbi
617 2838 652 2898 et
669 2829 776 2897 Italiae
791 2829 996 2921 praepositus
1015 2829 1132 2912 fuerit,
1149 2829 1391 2921 disquiramus.

338 2949 339 2952 ’
395 2947 435 3014 Iu
467 2969 598 3014 annum
625 2949 691 3014 718
725 2945 815 3014 cadit
837 2946 949 3038 prima
976 2969 1082 3037 quam
1114 2945 1206 3036 apud
1234 2945 1395 3036 antiquos

330 3061 512 3156 scriptores
531 3062 723 3155 reperimus
738 3061 781 3130 da
800 3060 962 3129 mandata
976 3061 1155 3130 Maecenati
1170 3059 1271 3129 Urbis
1291 3061 1396 3129 admi·

330 3179 691 3247 uistrationementio.
715 3179 839 3246 Narrat
858 3178 963 3262 enim,
988 3187 1027 3246 ut
1046 3177 1119 3268 jam
1143 3175 1396 3269 supradictum

331 3303 393 3376 est,
424 3294 615 3386 Appianus,
641 3293 732 3362 bello
761 3294 926 3363 adversus
955 3293 990 3362 S.
1008 3292 1215 3384 Pompeium
1234 3293 1394 3364 exardes-

331 3420 441 3494 cente,
462 3433 571 3503 quum
585 3407 764 3478 Octaviani
780 3408 897 3477 classis
912 3409 1055 3501 disjecta
1073 3417 1276 3501 tempestate
1292 3414 1392 3490 esset,

379 3673 401 3720 1.
417 3670 486 3721 run.
496 3670 561 3721 aar.
574 3673 641 3732 nac,
657 3671 779 3731 xxxvii,
792 3674 815 3721 a.
832 3696 858 3710 -
873 3671 911 3721 cr.
925 3672 998 3731 aas,
1014 3671 1106 3734 serm,
1122 3657 1155 3733 u,
1167 3684 1200 3731 γι,
1216 3672 1255 3721 aa.

601 3788 716 3842 imprimat
727 3789 761 3830 bis
773 3801 825 3830 cura
837 3791 945 3830 Maecenas
954 3789 1018 3843 signa
1030 3787 1124 3838 tabellis,

336 3894 429 3958 ibique
444 3896 610 3959 interpretes,
621 3899 647 3946 et
660 3895 805 3958 Fraudsan,
819 3896 901 3957 Mac,
912 3909 939 3958 p.
952 3898 991 3947 72.

378 3977 401 4024 2.
430 3975 484 4026 Vid.
511 3975 584 4026 Suet.
606 3974 682 4040 rlth.,
709 3977 749 4037 ot,
775 3977 877 4040 siquem
897 3973 1051 4038 reipublice,
1073 3973 1162 4036 ibique
1178 3971 1289 4022 Casaub.
1309 3997 1339 4007 -
1357 3968 1393 4020 Ct.

338 4055 366 4105 ’1.
384 4054 557 4116 111.,ΧΧ1111,
568 4057 607 4115 28,
622 4059 648 4105 et
661 4054 719 4114 Dio,
736 4055 799 4114 Llll,
815 4057 853 4104 30.

378 4133 568 4195 &th
