3130 5064
646 519 681 533 ..
700 491 733 546 53
753 519 788 532 ,.

187 637 205 676 a
224 633 301 680 sera
326 611 483 682 domaret
504 620 636 694 eatena,
662 640 679 676 u
708 612 880 705 proficisci
904 621 1042 683 coactus
1070 623 1123 682 est
1152 621 1175 682 ¹.
1198 613 1248 682 Eo

185 751 267 798 vero
287 728 441 811 absente,
459 752 478 797 a
493 751 561 820 quo
577 751 632 798 res
644 729 747 798 Urbis
766 738 800 798 et
813 730 920 800 Italiae
936 739 1095 800 tractatas
1110 731 1251 800 arbitra-
1274 773 1278 779 ·

185 845 312 926 bimur,
333 844 401 913 nisi
421 867 441 912 a
461 844 670 917 Maecenate‘l
688 845 896 938 Priusquam
919 847 1025 935 igitur
1047 847 1251 938 praefeoturs

185 961 299 1033 Urbis·
310 961 486 1044 continua,
512 969 551 1028 ut
569 961 852 1056 supradiximus,
874 964 963 1032 facta
981 973 1044 1042 ast,
1061 973 1097 1034 et
1114 964 1249 1032 Statilio

187 1078 301 1148 Tauro
317 1078 499 1148 commissa
516 1083 527 1118 ¹
545 1078 637 1170 (nam
651 1088 772 1170 postea
786 1101 857 1151 uon
876 1079 942 1151 fuit
956 1103 1017 1150 our
1029 1081 1251 1172 proficiscens

185 1195 345 1287 princeps
372 1217 584 1287 quemquam
613 1195 720 1268 alium
748 1219 786 1263 ac
813 1195 985 1265 Statilium
1017 1197 1169 1265 Taurum
1197 1197 1250 1268 sui

185 1311 355 1400 uicarium
372 1311 540 1402 eligeret),
563 1311 785 1380 Maecenatem
805 1312 1016 1382 eredendum
1034 1320 1097 1396 est,
1116 1312 1251 1404 quoties

185 1427 298 1494 Roma
317 1426 466 1498 abluerit
481 1416 687 1499 Octavianus
703 1429 826 1511 Caesar,
844 1430 973 1499 Urbem
987 1436 1021 1498 et
1042 1408 1176 1502 ltaliam
1194 1451 1250 1498 re·
1330 1415 1336 1424 ⁶

186 1543 317 1632 gendos
347 1545 539 1636 amavisse3
570 1546 802 1638 nequeenim
835 1546 982 1634 intelligi
1006 1546 1107 1614 aliter
1133 1553 1251 1638 posset

185 1659 245 1730 illa
267 1659 390 1729 Dionis
413 1685 483 1730 vox
515 1685 619 1754 quam
643 1685 747 1753 supra
767 1663 996 1746 laudavimus,
1022 1663 1250 1732 Mecenaum

185 1775 293 1848 llflllae
314 1778 539 1870 praepositum
559 1779 666 1847 fuisse
685 1788 729 1850 καὶ
741 1787 803 1850 τότε
818 1788 863 1850 καὶ
876 1787 968 1850 ἔπειτα
979 1788 1024 1848 ἐπὶ
1036 1787 1105 1848 πολύ
1126 1781 1136 1816 ³
1156 1802 1163 1847 :
1181 1779 1252 1851 hot

185 1902 303 1962 autem
321 1917 452 1963 munus
461 1917 555 1964 nuuc
574 1896 668 1964 solus
688 1895 859 1978 toleravit,
881 1919 974 1966 nuuc
995 1917 1074 1964 oum
1095 1895 1251 1988 Agrippa

186 2011 464 2098 communicavit.
544 2065 548 2068 .

190 2269 198 2282 ·
252 2245 284 2315 N
287 2267 325 2314 eo
344 2267 471 2336 parum-
485 2244 592 2314 refert
606 2245 880 2326 animadvertero
899 2253 973 2316 tum
988 2268 1105 2318 rarum
1123 2247 1251 2316 molem

187 2361 224 2432 in
257 2383 376 2433 unum.
398 2361 622 2432 Maeconatem
653 2361 873 2432 inclinavisse
905 2385 1014 2455 quum
1050 2362 1253 2453 gravissima

188 2485 343 2570 tempora
371 2487 487 2548 esseut
510 2478 711 2551 etmaxime
735 2477 866 2570 iniqua.
897 2479 976 2548 Nou
1002 2479 1132 2571 potoris
1159 2479 1254 2550 euim

188 2619 265 2688 quar
292 2602 490 2687 quantaque
520 2596 688 2664 Maecenas
712 2595 858 2686 gesserit
880 2595 969 2664 bena
993 2595 1187 2692 perspicere
1214 2619 1254 2674 aa

184 2711 352 2808 judicare,
382 2711 449 2780 nisi
482 2712 620 2804 quantis
655 2710 912 2784 difficultatibus
938 2713 1043 2785 fuerit
1075 2713 1254 2783 ‚obnoxius

188 2826 476 2903 consideraveris
494 2828 609 2921 Atque
630 2837 669 2897 ut
690 2852 750 2898 eas
769 2852 890 2899 omues
908 2828 1027 2920 paucis
1052 2829 1165 2899 verbis
1185 2851 1255 2921 am-

188 2945 329 3037 plectar,
351 2943 416 3013 hoc
431 2968 518 3037 opus
533 2945 730 3016 Maeoenatis
753 2945 819 3013 fuit
840 2953 879 3014 ut
894 2945 930 3014 iu
945 2944 1206 3014 seditiosissime
1221 2953 1256 3038 et

190 3061 485 3134 turbulentissima
504 3061 641 3130 civitate
656 3085 777 3154 paoem
801 3069 835 3129 et
853 3061 1073 3132 concordiam
1092 3070 1166 3130 tum
1180 3083 1254 3128 res-

189 3179 340 3260 titueret,
362 3186 436 3246 tum
452 3178 648 3248 restitutam
667 3177 897 3252 confirmaret.

202 3365 205 3370 i
256 3296 308 3364 Ne
337 3294 480 3368 devictis
509 3295 651 3387 quidam
680 3294 797 3364 Cassio
825 3302 859 3362 et
876 3295 994 3364 *Bruto
1024 3293 1167 3364 deerant
1195 3293 1254 3387 qui
1294 3295 1301 3303 '

189 3411 375 3503 pristinum
388 3411 585 3503 reipublicae
606 3420 736 3484 statum
749 3411 980 3503 amissamque
994 3411 1189 3482 libertatem
1196 3411 1257 3480 ’de-

191 3527 392 3606 siderarent
416 3528 495 3614 Qui,
511 3537 590 3620 post
603 3529 849 3618 inauguratum
863 3527 1131 3610 triumuiratum,
1148 3551 1256 3617 quum

193 3642 417 3713 Octavianum
453 3645 745 3736 proscriptionum
782 3652 957 3712 auctorem
990 3643 1253 3726 detestarentur,

193 3759 335 3829 Sextum
350 3761 557 3856 Pompeium
581 3770 700 3830 contra
718 3759 876 3831 viderent
899 3759 1098 3851 proscriptis
1113 3760 1257 3828 tutelam

239 3979 260 4025 i.
276 3977 335 4036 uio,
352 3977 412 4040 ew,
432 3981 469 4028 u.

237 4059 261 4108 2.
276 4058 335 4108 Tae.
344 4057 422 4120 Anu..
434 4060 476 4120 vl,
488 4063 526 4112 lt.

238 4141 260 4188 3.
278 4139 335 4196 oio,
347 4139 429 4199 XLIX,
444 4143 481 4190 16.
