3130 5064
786 639 818 652 -
839 613 873 666 52
892 641 926 651 ..

320 733 551 824 compositum
574 732 681 801 fuisse
710 732 895 800 crediderit
916 733 939 800 ¹.
963 733 1083 803 Potuit
1101 733 1194 801 enim
1216 735 1385 804 Maecenas

320 850 471 923 absentis
489 849 659 941 principis
678 849 789 918 vicem
809 840 959 940 explere,
981 849 1053 917 sive
1073 853 1257 932 11111723,
1278 873 1385 944 quum

319 968 498 1056 Augustus
521 967 685 1035 adversus
707 966 895 1034 Cantabros
914 966 1090 1051 militaret,
1107 966 1179 1036 siva
1195 989 1285 1036 anno
1305 969 1384 1051 734,

320 1107 428 1176 quum
446 1085 597 1176 primum
616 1083 653 1152 in
678 1084 844 1168 Siciliam,
870 1083 995 1152 deinde
1015 1084 1052 1152 iu
1071 1084 1248 1154 Orientem
1268 1085 1385 1155 adver

320 1207 378 1270 sus
393 1201 540 1269 Parthos
555 1200 613 1269 ille
632 1201 806 1292 profectus
826 1210 927 1270 esset.

386 1318 526 1386 Atenim
554 1318 618 1386 Dio
646 1326 774 1400 narrat,
804 1318 962 1408 Augusto
991 1319 1082 1389 inter
1106 1319 1280 1412 Hispanos
1306 1341 1385 1389 ver·

320 1442 430 1518 sante,
456 1431 565 1502 multa
589 1455 694 1526 opera
713 1434 754 1502 ab
781 1434 936 1527 Agrippa
958 1437 1077 1504 Romae
1101 1437 1207 1505 fuisse
1228 1443 1387 1530 suscepta
1439 1477 1442 1486 .

319 1558 379 1618 aut
404 1550 570 1634 confecta,
597 1559 724 1619 structa
756 1551 918 1635 aedificia,
944 1561 1051 1621 totam
1080 1553 1229 1645 denique
1257 1553 1385 1622 Urbem

319 1665 503 1754 magnifice
524 1657 681 1737 ornatam
701 1675 731 1750 ¹;
757 1665 955 1736 Maecenatis
974 1678 1091 1737 antem
1109 1669 1146 1738 in
1172 1669 1236 1736 hoc
1263 1668 1385 1737 Dionis

321 1781 398 1850 loco
414 1805 458 1850 ne
477 1805 606 1852 nomeu
621 1782 762 1876 quidem
776 1794 999 1882 memoretur.
1018 1787 1119 1868 Tum,
1137 1785 1260 1854 eodem
1274 1785 1385 1853 Dione

319 1906 472 1984 auctore,
490 1923 597 1992 quum
621 1922 711 1968 anno
727 1902 794 1968 733
806 1900 985 1990 Augustus
999 1902 1036 1969 iu
1051 1901 1227 1980 Orientem
1242 1901 1386 1994 jamjam

243 2029 248 2041 “
320 2013 538 2107 profecturus
566 2025 668 2099 esset,
690 2016 806 2108 aliqua
825 2026 941 2088 autem
970 2019 1156 2088 etiamtunc
1176 2019 1386 2088 seditionum

321 2130 454 2198 semine
476 2131 828 2223 deprehenderentur,
851 2134 1013 2227 Agrippae
1032 2136 1161 2204 Juliam
1180 2144 1296 2203 natam
1311 2157 1386 2202 ma-

319 2246 483 2315 trimonio
504 2248 695 2332 collocavit,
712 2272 861 2341 eumque
876 2251 960 2319 Urbi
976 2260 1010 2319 et
1028 2243 1134 2320 Italiae
1153 2252 1341 2344 praeposuit
1356 2252 1380 2320 ³.

321 2363 412 2445 Quid
426 2363 528 2434 inde?
541 2367 621 2434 Non
643 2366 756 2457 potuit
780 2365 822 2434 ab
844 2366 997 2459 Agrippa
1011 2368 1263 2437 administratio
1282 2367 1384 2438 Urbis

321 2501 400 2548 cum
415 2481 601 2550 Maecenate
617 2482 819 2565 consociari,
837 2482 932 2575 qnod
947 2482 1088 2574 quidem
1098 2482 1172 2575 jam
1186 2484 1293 2552 semel
1306 2493 1385 2576 post

319 2596 495 2666 Actiacam
514 2620 667 2689 pugnam
686 2598 841 2668 evenisse
864 2599 1121 2690 comperimus?
1144 2602 1225 2690 Non¹
1241 2609 1384 2693 potuere

320 2735 536 2805 quaecunque
555 2714 803 2806 peritissimum
822 2715 1040 2806 publicorum
1060 2739 1204 2809 operum
1220 2717 1385 2786 architec-

320 2839 394 2898 tum
418 2853 457 2898 ac
480 2830 751 2898 machinatorem
770 2839 829 2900 aut
853 2855 995 2901 summm
1024 2815 1236 2904 auctoritatis
1260 2857 1385 2903 consu-

257 3001 259 3005 ,
319 2946 428 3014 larem
462 2947 682 3039 postulabant
709 2947 871 3039 Agrippae
904 2948 1095 3033 reservari,
1126 2958 1239 3018 cetera
1270 2941 1385 3020 autem

320 3062 440 3131 munia
459 3064 503 3131 ad
526 3063 749 3132 Maecenatem
772 3065 966 3157 pertinere?
992 3066 1048 3134 An
1074 3067 1238 3159 pauciora
1265 3067 1302 3135 iu
1329 3089 1384 3135 re-

321 3177 434 3267 genda
443 3179 534 3248 Urbe
553 3189 694 3272 totaque
710 3180 808 3249 Italia
826 3181 968 3272 negotia
984 3183 1210 3252 occurrebant
1229 3207 1333 3276 quem
1347 3193 1385 3253 ut

320 3293 363 3363 iis
391 3303 537 3388 uterque
563 3295 798 3378 detineretur?
817 3297 866 3365 Ac
884 3321 1039 3390 prorsus,
1061 3299 1156 3392 quod
1184 3297 1227 3368 ad
1255 3325 1384 3373 annum

321 3411 386 3480 733
407 3419 549 3505 spectat,
570 3412 725 3506 Agrippa
746 3435 853 3506 prope
875 3414 990 3483 statim
1009 3414 1046 3484 in
1061 3415 1206 3486 Galliam
1221 3415 1384 3488 adversus

321 3527 450 3611 Celtas,
480 3550 562 3596 mox
590 3528 626 3596 in
655 3529 857 3622 Hispaniam
892 3532 1056 3602 adversus
1082 3531 1269 3604 Cantabros
1297 3558 1384 3629 quos

368 3831 533 3884 1711111111
551 3831 717 3897 (Quaerimus
736 3831 904 3897 Horatiana),
925 3833 1043 3884 maxima
1063 3847 1129 3884 cure
1140 3837 1167 3886 et
1186 3835 1344 3888 auctoritate
1359 3833 1386 3886 Id

320 3921 470 3974 aggressus,
484 3913 522 3971 ut,
539 3925 592 3976 quo
604 3915 722 3977 tempore
737 3913 842 3976 singula
854 3913 956 3964 Horatii
970 3927 1051 3978 opera
1065 3916 1210 3979 composite
1221 3920 1318 3978 esseut,
1333 3920 1385 3966 ste-

321 3993 422 4052 tucrct,
444 4005 625 4043 11111111111
647 3994 693 4045 lib.
714 3997 840 4046 71111111
868 3998 912 4048 7³3
935 3995 1083 4060 adjudicat,
1106 4011 1214 4048 carmen
1235 4001 1325 4049 autem
1351 4011 1385 4050 vu

322 4074 457 4123 11111734.
1137 4066 1153 4106 ·.
1319 4065 1320 4072 ἵ

369 4154 392 4203 2.
408 4152 466 4214 DIo,
477 4153 542 4214 LIII,
554 4155 594 4206 tI.

368 4235 390 4284 3.
406 4233 455 4294 Id.‚
469 4233 531 4295 LIV,
549 4237 572 4286 6.
