3130 5064
608 555 748 607 ...37-

143 675 295 743 Antonio
316 674 439 764 viginti
472 675 580 742 millia
612 675 793 742 hominum
822 675 858 742 in
877 676 975 744 Italia
998 677 1211 747 delectorum
1311 687 1312 692 ’

142 790 330 860 missurum
343 790 518 882 pollicitus
534 799 596 858 est.
615 791 728 873 Quam
743 782 884 860 delusus
902 815 942 860 ea
956 794 1210 884 permutatione

143 915 243 988 asset,
274 906 366 976 baud
406 907 454 974 ita
490 908 599 974 multo
627 916 717 999 post,
739 907 848 976 serius
876 917 1004 991 tamen,
1037 910 1211 980 Antonius

140 1023 293 1091 maximo
322 1023 448 1091 damno
477 1045 539 1090 suo
568 1023 804 1092 intellecturus
824 1033 897 1093 erat
917 1033 940 1092 ¹.
977 1025 1210 1097 Constitutum

141 1139 235 1207 enim
259 1137 479 1222 Octavianus,
497 1139 674 1221 suadente,
697 1147 736 1207 ut
759 1139 895 1230 opinor,
919 1140 1086 1233 Agrippa,
1104 1142 1210 1211 habe-

141 1255 208 1332 bat,
223 1277 295 1322 nou
309 1255 528 1322 terrestribus
542 1255 682 1346 praeliis,
700 1256 792 1323 sicut
807 1265 907 1324 antea
921 1256 1050 1324 iactum
1065 1268 1149 1342 erat,
1168 1259 1210 1327 do
1307 1250 1310 1260 ¹

139 1394 276 1440 summa
299 1393 416 1438 rerum
436 1371 632 1453 decernere,
651 1369 710 1440 sed
728 1372 907 1442 navalibus
927 1373 1034 1464 copiis
1059 1374 1107 1442 ite
1121 1397 1209 1466 prae·

141 1498 243 1570 stare,
253 1497 292 1556 ut
299 1488 535 1557 adversarium
545 1488 660 1556 statim
674 1487 907 1576 confringeret
921 1497 1023 1582 atque
1034 1492 1208 1584 opprime-

139 1614 202 1674 ret.
226 1603 444 1695 Assequendi
460 1613 575 1672 autem
596 1604 763 1696 propositi
784 1605 977 1696 adjutorem
991 1607 1112 1676 babuit
1127 1631 1210 1681 eum

138 1722 255 1813 ipsum
266 1721 1211 1812 aemulumadversusquemhaecomniamoliebatur3ita

138 1846 188 1920 ut,
211 1837 394 1929 profligato
415 1835 554 1904 tandem
570 1837 604 1905 S.
627 1837 808 1928 Pompeio,
829 1861 911 1907 mox
926 1839 1090 1909 adversus
1104 1842 1211 1911 Auto-

139 1955 249 2036 nium,
266 1953 407 2022 Actiaca
421 1977 550 2044 pugna,
564 1954 687 2022 iisdem
702 1955 849 2024 navibus
864 1956 1072 2026 Octavianus
1087 1958 1137 2026 uti
1152 1982 1212 2050 po-

139 2070 258 2153 tuerit,
280 2093 365 2162 quas
398 2070 440 2136 ab
460 2070 612 2138 Antonio
643 2071 839 2162 accepisset.
867 2073 916 2140 Ea
939 2073 1005 2141 fuit
1025 2075 1211 2143 Tarentina

138 2210 220 2278 pax,
243 2210 263 2254 a
282 2187 481 2268 Maecenate,
504 2194 543 2254 ut
562 2187 704 2270 solebat,
722 2189 926 2280 composita,
950 2189 1150 2274 Octaviano,
1170 2200 1211 2263 ut

138 2303 286 2386 solebat,
302 2301 593 2371 commodissima.

135 2547 138 2552 ’
185 2533 237 2616 Si,
258 2555 337 2624 quae
349 2531 454 2600 modo
465 2539 656 2601 memorata
670 2542 761 2617 sunt,
780 2534 984 2624 colligamus
997 2558 1089 2605 nuuc
1103 2547 1138 2606 et
1156 2561 1210 2608 ce

139 2649 307 2739 gitatione
327 2649 607 2741 complectamur,
630 2650 695 2717 tria
719 2659 799 2718 sunt
817 2676 894 2743 quae
915 2654 1068 2722 notanda
1082 2655 1118 2722 in
1136 2656 1208 2747 pri-

136 2767 205 2834 mis
225 2774 259 2833 et
272 2752 441 2834 memorial
456 2767 606 2834 tenenda
620 2789 695 2835 esse
714 2767 886 2836 videntru.

184 2882 302 2950 Primo
319 2881 545 2951 Octavianum
565 2882 696 2950 scimus.
706 2907 777 2951 non
790 2870 909 2973 'magis
924 2909 986 2976 per
1008 2885 1079 2955 vim
1094 2910 1209 2957 armo-

133 3019 217 3068 rum
246 3007 280 3066 et
306 2999 467 3068 victorias
496 2998 539 3066 ad
571 3022 741 3068 summam
774 3009 979 3090 potestatem
1002 3013 1206 3090 grassatum,

138 3139 245 3208 quom
258 3139 319 3208 per
332 3117 523 3214 legationes
537 3117 778 3209 colloquioque
798 3126 831 3185 et
849 3118 995 3202 foedera;
1017 3120 1053 3187 in
1069 3121 1206 3212 quibus,

136 3233 219 3302 lieet
229 3233 490 3302 callidissimum
504 3233 578 3324 ejus
592 3234 772 3324 ingenium
787 3235 829 3302 ad
850 3243 986 3326 tempus
999 3236 1206 3322 flecteretur,

186 3469 209 3516 l.
227 3465 581 3535 Ejusdempermutationis
601 3466 623 3514 si
639 3465 760 3530 Appiano
780 3467 923 3519 credideris
941 3469 1014 3534 (Bell.
1041 3472 1099 3532 cia,
1116 3485 1140 3532 v,
1158 3473 1208 3536 93),

62 3548 64 3553 ’
139 3547 196 3610 ipse
210 3546 341 3596 Antonius
356 3550 447 3596 auctor
463 3545 513 3595 fuit
525 3560 557 3594 ac
570 3546 686 3607 molitor,
707 3550 799 3610 utpote
814 3550 860 3611 qui
878 3550 957 3600 vellet
976 3551 1129 3602 Parthicum
1153 3551 1208 3602 bel-

133 3625 197 3674 ‘lum
211 3624 334 3688 plurimis
348 3625 449 3674 viribus
464 3625 585 3674 celeriter
606 3626 632 3674 et
655 3625 793 3688 splendide
812 3628 952 3680 conficere.
971 3631 1059 3689 Quum
1075 3629 1211 3695 appianus
1230 3633 1240 3648 “

139 3703 244 3764 melius,
262 3718 322 3768 quae
337 3717 380 3754 res
392 3704 542 3764 evenerint,
559 3705 653 3753 docere
667 3705 759 3766 soleat,
777 3720 867 3769 quem,
885 3722 932 3757 cur
946 3711 1093 3771 evenerint,
1104 3709 1210 3773 dijudi-

141 3797 210 3844 care,
226 3782 298 3832 houd
313 3783 367 3832 scio
380 3795 414 3832 an
429 3781 571 3832 consilium
583 3781 698 3832 Antonio
714 3783 855 3846 adscribat,
871 3787 951 3849 quod,
970 3788 1003 3836 ab
1025 3789 1170 3838 Octaviano
1186 3792 1212 3840 et

141 3864 282 3913 Maecenate
291 3863 365 3926 prius
376 3863 565 3926 excogitatum,
577 3875 687 3912 assensu
699 3863 830 3914 duntaxat
839 3879 892 3915 suo
904 3865 1035 3917 Antonius
1045 3868 1208 3931 probaverit.

136 3944 221 4004 -Quod
233 3945 254 3994 si
267 3944 403 4008 Appianas
416 3959 447 3994 eo
459 3945 518 3994 loco
531 3957 627 3994 verum
641 3944 910 4007 subtiliterexcussit,
927 3961 982 3998 non
997 3947 1112 3998 dubitari
1123 3951 1211 4012 potest

145 4025 210 4088 quin
230 4024 355 4086 Antonio,
380 4039 461 4076 naves
479 4040 528 4089 pro
547 4025 698 4090 legionibus
718 4025 878 4089 accipiendis
899 4028 1029 4090 offerenti,
1051 4022 1232 4080 Octavianus

145 4107 171 4153 et
189 4104 320 4154 Maecenas
336 4105 509 4176 libentissime
523 4107 675 4168 annuerint,
690 4107 856 4172 multumque
872 4109 940 4159 intra
960 4125 987 4160 se
1005 4109 1114 4160 homine
1129 4109 1213 4163 delec-

136 4183 190 4234 'tati
200 4184 262 4244 siut,
274 4185 319 4247 qui
335 4175 362 4234 in
379 4185 484 4247 loreum
496 4199 551 4236 non
562 4187 723 4248 concideret,
739 4187 784 4236 sed
797 4187 868 4238 ultro
883 4203 911 4239 se
926 4187 1090 4242 immitteret.
