3130 5064
791 539 931 594 ..30-

321 665 442 757 plexas
462 663 670 733 elocutionis
696 663 860 753 ambages
893 671 928 732 et
953 691 969 726 ιι
984 663 1208 747 calamistros,
1232 665 1390 734 »Maece-

320 789 436 848 natem
451 780 604 848 Seneca¹
624 779 856 872 Tacitusque¹
873 787 1092 849 notaverunt.
1111 779 1180 848 Sed
1195 801 1236 848 ea
1251 802 1390 872 queque
1424 843 1426 848 ,

321 904 423 964 erant
439 897 525 968 vih'a
548 919 625 989 quae
650 895 749 966 illurn
773 917 909 965 summo
934 897 1112 965 Musarum
1138 919 1255 966 amore
1279 896 1390 966 teneri

321 1021 541 1081 testarentur.
1217 999 1220 1010 ¹

389 1129 476 1198 Cum
494 1127 555 1198 illo
572 1138 702 1212 autem,
720 1151 788 1221 quo
805 1129 975 1198 Maecenas
989 1128 1168 1218 flagrabat,
1186 1127 1315 1212 studio,
1327 1127 1392 1196 uti·

320 1244 398 1313 litas
413 1244 562 1334 Augusti
577 1245 671 1334 mire
685 1245 908 1333 congruebat.
934 1243 1103 1327 Primum,
1124 1244 1270 1336 puhlicae
1295 1253 1390 1317 tran·

322 1360 501 1452 quillitatis
516 1361 681 1430 restituta
697 1361 796 1453 quasi
812 1369 918 1429 testes
938 1369 1037 1428 erant
1051 1369 1102 1429 tot
1123 1363 1234 1452 poetae
1259 1369 1293 1430 et
1315 1385 1392 1429 aue·

322 1485 427 1560 tores,
452 1477 512 1570 qui
531 1477 625 1568 pacis
648 1477 779 1548 artibus
803 1485 882 1569 post
906 1485 1017 1544 tantas
1045 1477 1217 1546 bellorum
1238 1477 1392 1546 civilium

322 1599 542 1684 tempestates
562 1595 673 1662 securi
692 1594 931 1684 indulgebant.
953 1594 1122 1664 Viderunt
1139 1594 1224 1663 Julii
1246 1594 1391 1664 Gaesarie

322 1725 356 1784 at
386 1717 544 1809 Pompeii
573 1717 723 1810 aequales
751 1719 951 1788 Lucretium
979 1727 1129 1810 poetam,
1161 1719 1390 1788 infelicissimi

322 1833 439 1932 saeculi
459 1833 711 1903 'calamitatibus
731 1835 817 1903 adeo
842 1843 1067 1918 commotum,
1093 1844 1143 1918 ut,
1165 1845 1282 1905 mente
1311 1835 1392 1903 alie-

322 1949 537 2032 uetustiore
559 1951 669 2018 aetatis
696 1959 844 2020 mortem
856 1951 924 2043 ipsi
938 1950 1005 2019 sibi
1025 1952 1232 2021 conscivisse
1244 1951 1387 2019 feratur.

320 2067 479 2156 Augusto
494 2089 578 2164 uero
593 2068 762 2161 principe,
780 2078 947 2161 quantum
966 2069 1148 2137 mutatain
1167 2068 1292 2138 melius
1307 2078 1392 2136 tem·
1505 2127 1508 2131 .
1562 2129 1563 2168 ζ

205 2283 208 2291 .
319 2206 405 2275 pora
431 2184 649 2264 videbantur,
683 2206 791 2275 quum
818 2184 998 2273 Virgilius,
1034 2183 1211 2266 Horatius,
1246 2184 1387 2267 Varius,

323 2299 418 2367 omni
438 2298 762 2368 honestissimorum
778 2299 971 2368 studiorum
986 2299 1088 2368 laude
1108 2301 1281 2383 florentes,
1303 2327 1319 2362 ιι
1334 2321 1390 2367 ιιι-Ι

321 2415 479 2508 pientnm
493 2416 622 2507 templa
640 2439 762 2484 serena
778 2444 794 2478 ιι
815 2415 950 2507 placide
965 2419 1142 2486 tenerent!

388 2531 476 2600 Dein
491 2531 550 2600 illa
563 2532 756 2600 litterarum
770 2531 908 2600 ubertas
923 2554 985 2623 pro
997 2541 1200 2600 ornamento
1217 2541 1301 2615 erat,
1320 2555 1389 2624 quo

322 2646 471 2736 Augusti
499 2648 713 2739 principatus
736 2647 915 2740 splendide
940 2648 1191 2732 nobilitaretur,
1219 2651 1393 2720 Romano-

321 2785 467 2854 rumque
492 2763 583 2831 ocnli
597 2747 923 2854 perstringerentur.
945 2765 1034 2832 Nam
1053 2773 1237 2857 postquam
1259 2764 1391 2832 Graecia

321 2879 461 2947 subacta
480 2888 564 2962 erat,
582 2900 761 2971 nunquam
781 2879 817 2952 in
836 2880 928 2949 Urbe
948 2880 1130 2949 defuerant
1151 2880 1210 2973 qui
1226 2881 1386 2961 Romam,

321 3003 360 3063 ut
370 2995 498 3065 virtute
512 2995 666 3079 militari,
682 2995 730 3063 ita
744 2995 937 3065 litterarum
952 2996 1147 3089 artiumque
1162 2997 1276 3080 laude,
1294 2995 1388 3065 haud

321 3111 521 3180 inferiorem
539 3112 670 3181 Graecia
684 3114 829 3182 evadere
847 3112 1070 3182 vehementer
1089 3122 1264 3205 cuperent.
1295 3113 1392 3181 Tunc
1425 3177 1428 3183 .

320 3249 417 3310 vero,
435 3228 513 3319 quis
525 3251 597 3296 nou
611 3227 846 3319 superbiisset,
868 3252 977 3320 quum
999 3229 1168 3319 Virgilius
1192 3229 1388 3314 Theocrito,

322 3341 490 3425 Hesiodo,
502 3344 655 3413 Homero
669 3366 761 3413 unus
781 3345 1013 3428 aemularetur,
1039 3345 1245 3415 Archilocho
1262 3346 1390 3415 Pinda-

323 3481 431 3550 roque
447 3457 623 3542 Horatius,
636 3467 671 3526 et
685 3459 714 3527 is
729 3459 879 3552 denique
891 3461 1160 3531 clarissimorum
1171 3462 1392 3552 ingeniorum

322 3583 510 3666 proventus
530 3583 631 3659 esset,
653 3584 753 3645 utne
773 3576 917 3646 Athenae
934 3577 1075 3670 quidem
1089 3578 1274 3648 feraciores
1285 3579 1391 3648 fuisse

321 3689 544 3768 viderentur?
559 3691 660 3774 Quod
678 3692 910 3784 spectaculum
934 3716 1044 3786 quum
1064 3717 1195 3766 novum
1217 3696 1308 3787 apud
1329 3696 1392 3764 La-

323 3807 414 3876 tinos
430 3816 464 3876 et
477 3807 673 3877 inauditum
697 3817 798 3893 esset,
820 3811 969 3880 multum
988 3810 1124 3880 decoris
1146 3821 1181 3880 et
1208 3812 1327 3901 gratiae
1347 3810 1391 3880 ad

321 3923 516 4016 principem
531 3923 757 4008 redundabat,
785 3924 884 4017 quasi
906 3925 1045 3996 adeum
1064 3950 1127 4020 per
1145 3951 1249 4020 quem
1267 3927 1390 3997 litterae

373 4151 396 4199 ι.
415 4117 493 4208 sen,
504 4137 544 4211 ψ’.
561 4150 613 4198 ιιι.
631 4174 661 4184 -
678 4149 703 4197 ι.
719 4149 779 4200 rac.
796 4148 1052 4211 occideretur.
