3130 5064
822 549 964 603 ...36-

359 679 563 760 pererraret‚
590 671 677 739 duos
704 680 838 740 tantum
866 671 1008 738 comites
1027 670 1158 751 habuit,
1177 691 1326 760 quorum
1340 668 1427 736 alter

358 785 477 853 rhetor
504 787 659 877 quidam,
689 787 829 855 nomino
861 787 1103 869 Aristocrates,
1133 795 1205 854 erat
1226 791 1251 851 ¹.
1281 784 1425 853 Antonii

359 901 465 989 igitur
479 903 632 970 studium
651 904 818 972 Maecenas
839 911 1039 994 aucupatus,
1056 925 1127 970 non
1142 901 1289 991 Libycos
1308 900 1425 968 rheto-

357 1042 413 1088 res
436 1029 497 1088 ant
523 1020 717 1090 Graeculum
733 1021 995 1109 grammaticum
1014 1019 1129 1087 nescio
1160 1017 1327 1110 quemad
1347 1039 1425 1084 eum

359 1135 468 1218 duxit,
499 1136 560 1204 sed
578 1137 779 1226 Virgilium,
799 1136 992 1218 Horatium,
1023 1135 1179 1218 Varium,
1211 1133 1361 1225 optimos
1394 1141 1427 1200 et

358 1253 577 1336 clarissimos,
614 1253 673 1344 qui
706 1275 861 1344 unquam
897 1252 988 1343 apud
1024 1251 1168 1319 Latinos
1200 1249 1423 1331 exstitissent,

355 1377 486 1461 poetas.
510 1368 643 1451 Quibus
672 1376 840 1460 quantum
868 1368 1006 1456 gavisus
1027 1366 1071 1434 sit
1096 1365 1281 1447 Antonius,
1313 1385 1424 1456 quan-

356 1495 430 1553 tum
448 1507 503 1553 res
530 1485 637 1552 serias
661 1485 869 1575 negotiaque
895 1484 1033 1566 oblitus,
1051 1483 1150 1550 facile
1180 1480 1425 1572 suspicabitur,

355 1601 384 1668 si
400 1601 477 1692 quis
492 1601 672 1668 socordem
687 1601 786 1668 istius
805 1600 956 1686 bominis
971 1599 1125 1668 indolem
1140 1606 1174 1666 ct
1192 1597 1235 1666 ad
1250 1619 1354 1666 omne
1366 1618 1424 1666 vo·

352 1716 493 1808 luptatis
508 1739 618 1806 genus
636 1739 783 1809 pronam
811 1717 1023 1806 cognouerit.
1046 1716 1125 1798 Qui,
1148 1736 1256 1806 quum
1274 1714 1311 1781 in
1336 1711 1424 1780 deli-

354 1833 415 1900 ciis
431 1835 570 1902 Tarenti
584 1833 678 1901 illius
698 1842 904 1916 versaretur,
927 1832 1021 1924 quod
1040 1831 1145 1900 molle
1161 1839 1263 1922 atque
1282 1829 1422 1896 imbelle

354 1950 396 2017 ab
411 1949 554 2018 Horatio
576 1949 705 2017 dictum
721 1957 783 2032 est,
806 1949 1002 2018 Maecenatis
1016 1946 1193 2015 blanditiis
1213 1955 1246 2013 et
1261 1945 1422 2013 comitate

355 2073 485 2156 captus,
506 2065 736 2134 litteratorum
760 2065 942 2133 hominum
971 2063 1153 2155 colloquiis
1171 2071 1421 2154 poetarumque

354 2181 563 2250 carminibus
583 2181 783 2265 delectatus,
802 2181 933 2272 aliquid
962 2204 1004 2248 ex
1023 2179 1240 2248 stomachosa
1254 2178 1313 2247 illa
1331 2176 1423 2265 lesti-

353 2298 505 2380 natione,
524 2322 593 2390 qua
613 2298 839 2367 Octavianum
863 2306 965 2365 antea
984 2296 1165 2364 minaciter
1183 2293 1419 2376 arcessiverat,

353 2414 483 2483 sensim
497 2414 641 2496 remisit,
659 2437 697 2482 ac
715 2413 859 2482 meliora
879 2436 961 2503 erga
981 2435 1060 2481 eum
1080 2413 1196 2480 animo
1216 2433 1290 2480 esse
1305 2409 1418 2502 coepit.

352 2531 459 2601 Venit
482 2530 623 2599 tandem
648 2529 856 2600 Octavianus
878 2532 1078 2613 Tarentum,
1101 2536 1135 2598 et
1155 2527 1364 2597 amicissime
1380 2524 1421 2595 ab
1488 2567 1495 2574 -

352 2646 505 2714 Antonio
535 2655 709 2738 exceptus,
736 2646 886 2737 plurima
913 2647 986 2739 ipse
1019 2646 1177 2715 amicitiae
1202 2645 1420 2714 imitamenta

351 2763 513 2855 praetulit.
531 2763 600 2830 Icta
620 2762 770 2855 denique
789 2772 931 2856 rataque
950 2787 1019 2856 pax
1039 2764 1104 2832 fuit
1125 2785 1230 2855 quam
1249 2762 1419 2831 Maeoeuas

350 2888 543 2972 paraverat.
560 2879 665 2971 Cujus
676 2880 904 2964 conditiones,
928 2881 1085 2973 quamvis
1100 2885 1207 2971 aequae
1228 2901 1303 2948 esse
1317 2875 1416 2947 vide-

351 3005 482 3080 rentur,
500 3019 578 3065 cum
593 2997 732 3064 secretis
748 2997 926 3066 Octaviani
942 2997 1094 3066 consiliis
1110 2997 1239 3088 optime
1253 3017 1420 3084 congrue·

350 3115 444 3183 baut.
468 3116 561 3182 Inter
575 3123 760 3206 utrumque
775 3114 870 3182 enim
881 3115 1043 3183 convenit
1060 3123 1099 3183 ut
1113 3114 1242 3182 bellum
1257 3113 1421 3182 adversus
1438 3147 1442 3158 .

352 3231 387 3300 S.
407 3231 615 3322 Pompeium
643 3231 686 3298 ad
713 3231 908 3322 proximam
927 3219 1081 3299 aestatem
1106 3231 1301 3298 differretur
1325 3235 1359 3296 et
1378 3228 1419 3296 ab

351 3370 421 3416 uno
441 3347 576 3415 Caesare
596 3347 856 3437 pr‘olligaretur3
879 3358 953 3416 tum
980 3357 1018 3416 ut
1046 3347 1219 3415 Antonius
1243 3345 1418 3438 quampri-

352 3485 448 3530 mum
479 3462 517 3529 in
549 3461 668 3529 Asiam
701 3462 953 3549 regrederetur,
976 3463 1220 3556 inceptumque
1254 3463 1418 3530 adversus

352 3578 498 3648 Parthos
517 3578 646 3646 bellum
679 3578 836 3667 gnaviter
859 3579 932 3670 ipse
953 3589 1098 3668 gereret.
1121 3581 1175 3664 Et,
1198 3578 1292 3672 quod
1305 3578 1418 3670 majus

353 3704 415 3779 est,
434 3717 543 3787 quum
557 3694 703 3763 navibus
715 3694 894 3763 Siciliense
909 3695 1039 3764 bellum
1050 3696 1303 3765 conficiendum
1314 3704 1415 3775 essct,

312 3903 314 3908 Ι
352 3811 570 3880 terrestribus
588 3832 671 3880 vero
687 3809 794 3901 copiis
810 3811 1021 3895 Parthicum,
1038 3812 1212 3881 Antonius
1232 3819 1418 3881 contumel

351 3927 474 4017 viginti
506 3949 612 3998 naves
641 3925 829 3996 Octaviano
850 3929 964 3995 statim
980 3928 1132 4011 tradidit,
1150 3928 1358 4000 Octavianus
1382 3949 1417 3995 sc

399 4171 421 4221 l.
439 4169 508 4220 rut.
524 4169 596 4233 Aac,
612 4167 651 4219 eo.
