3130 5064
602 521 759 574 -sa-·

145 643 308 714 eolleeter-
327 663 426 735 asper
451 649 485 711 et
512 649 660 724 cenatur,
690 639 749 708 ille
769 639 979 708 seditionum
1002 635 1210 729 conjuratis-¹

145 777 300 853 reumque
316 781 456 830 severus
470 759 645 828 interdum
658 757 797 840 vindex,
811 757 869 825 ille
879 756 1024 850 publiea
1034 749 1210 824 servitutis

148 877 301 972 adjutor
318 885 352 946 et
371 875 632 968 quodammado·
648 873 783 957 artilex,
801 881 934 942 tantum
949 872 1017 942 sibi
1029 871 1149 965 populi
1163 871 1211 940 lm

144 1017 264 1064 vorum
286 991 539 1075 consiliaverat,
557 1000 607 1075 ut,
628 1013 737 1082 quum
756 990 907 1082 primum
926 989 962 1057 in
984 989 1167 1070 theatrum,
1191 1007 1210 1056 a

147 1111 351 1202 gravissima
375 1110 499 1178 morbo
523 1109 581 1176 vix
603 1115 788 1190 recreatus,
809 1105 963 1188 redierit,
979 1101 1158 1197 plausibus
1176 1112 1211 1172 et

145 1227 356 1298 faustissime
387 1226 539 1295 welaruora
568 1224 723 1294 omnium
751 1223 856 1292 suerit
883 1229 1063 1320 exeeptust
1090 1221 1209 1304 Quod

144 1345 287 1438 quidam
301 1343 465 1412 Horatius
477 1343 550 1434 jam
565 1351 666 1410 antee
684 1365 705 1410 a
719 1363 756 1409 se
775 1341 1047 1422 memoratum.¹‚
1068 1337 1121 1408 his
1135 1359 1210 1407 ver-

144 1461 240 1530 sibus
254 1462 381 1530 iterum
400 1460 574 1528 celebrat:
686 1497 688 1504 ·

396 1671 610 1689 ......
643 1635 678 1687 Te
692 1599 765 1684 lavis
775 1629 860 1698 impie
888 1683 891 1688 ,

281 1728 284 1734 “
391 1717 485 1769 Tutela
500 1717 614 1767 Saturno
627 1715 762 1779 refulgens

453 1796 557 1860 Eripuit
565 1795 735 1862 voluerisque
744 1795 801 1849 Fati
863 1801 865 1804 '

391 1875 515 1928 Tardevit
528 1877 591 1936 ulus,
602 1889 686 1940 quum
694 1875 809 1939 populus
823 1875 949 1939 frequens

393 1957 495 2007 Lutum
508 1955 618 2006 theatris
627 1958 668 2004 ter
680 1955 784 2019 crepuit
793 1968 890 2004 sonum
902 1955 921 2004 ².

212 2191 345 2282 Nempe
365 2190 512 2260 Romani
529 2190 760 2258 meminerant
773 2175 895 2281 pacem
908 2187 1093 2281 publicam,
1112 2185 1209 2278 eujus

144 2307 295 2376 maxime
314 2306 528 2396 indigebant,
552 2330 572 2374 a
591 2307 789 2389 Maecenate,
810 2305 1085 2398 quotiescunque
1109 2304 1210 2374 Oeta-

145 2424 269 2494 vianus
299 2423 410 2493 Caesar
432 2420 609 2506 abfuisset,
636 2430 670 2491 et
689 2429 859 2492 servatam
883 2445 957 2490 esse
980 2430 1014 2490 et
1033 2421 1213 2490 confirma·

142 2548 225 2610 tam.
252 2539 382 2612 Habuit
404 2548 570 2632 praeterea
595 2539 780 2634 quamdam
803 2539 935 2630 ingenii
959 2538 1157 2608 facilitatem
1178 2545 1213 2606 et

6 2639 7 2728 l
61 2709 64 2714 -
144 2656 342 2726 comitatem
354 2680 422 2749 qua
433 2654 639 2746 arrogantiae
651 2664 685 2724 et
699 2655 868 2748 superbiae
883 2655 1116 2748 suspicionem
1130 2653 1213 2724 effu-

144 2781 251 2863 geret.
279 2773 367 2870 lpsis
387 2772 537 2866 denique
557 2772 651 2840 vitiis
676 2795 751 2866 quae
775 2772 811 2840 in
830 2772 890 2840 illo
911 2771 1212 2864 reprehenduntur

144 2873 414 2992 aliquid-'iuerat
432 2888 591 2958 amabile.
616 2887 702 2957 Eam
731 2889 824 2958 enim
852 2888 1085 2980 praetendebat
1102 2887 1213 2957 molli·
1285 2868 1286 2872 Ἰ

142 3007 226 3075 tiam
252 2999 299 3074 et‘
312 3006 555 3076 lentitudinem
582 3030 650 3099 qua
676 3029 847 3075 summam
865 3014 1071 3098 potestatem
1094 3005 1210 3074 miuus

143 3121 358 3215 exoptavisse
377 3123 553 3192 videretur
571 3145 677 3215 quam
691 3122 820 3192 invitus
839 3123 1021 3214 accepisse.
1039 3121 1210 3190 Diilluen-

145 3247 213 3308 tem
231 3261 313 3307 saue
336 3239 411 3330 ejus
429 3238 603 3308 luxuriam
627 3247 661 3307 et
684 3237 890 3308 muliebrem
914 3237 1045 3307 eultum
1063 3246 1097 3307 et
1120 3237 1211 3307 solu·

141 3363 195 3424 tos
209 3377 338 3438 mores,
351 3355 421 3424 imo
438 3355 654 3448 depravatos,
667 3377 769 3424 nemo
786 3361 837 3422 est
852 3353 911 3446 qui
927 3363 1122 3444 autuegare
1132 3377 1211 3447 pos·

141 3471 197 3564 sit,
215 3480 275 3541 aut
292 3495 467 3541 excusare.
490 3471 601 3555 Quem
619 3472 798 3564 Augustus
823 3471 1017 3565 appellabat
1041 3470 1209 3540 deludens

146 3615 162 3652 a
184 3597 318 3682 μάλαγμα
334 3586 547 3657 moecharum
564 3589 587 3656 ³.
612 3617 628 3652 »
646 3589 718 3658 Nec
732 3589 904 3657 immerito
920 3587 1064 3678 alicujus
1084 3587 1211 3657 civium

142 3705 343 3799 corruptele
362 3728 442 3774 reus
461 3705 625 3790 hebetum
644 3728 737 3790 nam,
755 3715 893 3774 auctore
919 3705 1050 3788 Tacita,
1067 3703 1209 3773 histrio-

141 3845 225 3892 num
243 3822 376 3891 ludiero
396 3829 580 3914 propterea
605 3822 749 3891 indulsit
772 3822 951 3912 Augustus
977 3821 1070 3914 quod
1094 3821 1211 3891 Meae

191 4015 214 4063 t.
230 4012 294 4062 Hor.
311 4010 408 4072 Cama„
421 4013 442 4072 1,
456 4025 500 4072 xx,
517 4015 531 4062 3
548 4025 604 4076 sqq.

188 4093 212 4142 t.
229 4089 322 4150 td.,11‚
334 4105 397 4151 xvir,
410 4093 441 4141 22
452 4105 522 4155 sqq..

190 4175 212 4223 3.
230 4171 344 4222 Maerab.
361 4171 479 4235 Satara,
495 4177 517 4234 2,
533 4175 555 4223 t.
