3130 5064
804 523 837 536 -
858 493 893 550 io
916 521 946 534 ..

342 621 431 692 miro
453 617 603 712 quedem
623 616 745 709 judicii
765 614 955 684 subtilitate
987 616 1145 704 dignovit
1171 616 1308 708 primus
1332 629 1408 688 ete

342 736 447 822 vulgo
468 735 701 804 litteratorum
719 733 823 804 voluti
846 733 986 807 eduxit:
1011 733 1237 825 quamobrem
1260 733 1303 804 ub
1331 757 1409 804 sue·

344 861 418 962 tore
432 851 634 942 Pooeppr'ici
646 851 694 922 ed
712 851 866 928 Pisonem
880 849 1030 922 maxime
1050 859 1084 918 el
1099 849 1317 920 ornatissime
1332 850 1408 921 luu-

344 967 464 1041 datur:

467 1146 524 1209 lpse
538 1158 586 1208 per
601 1144 731 1194 Ausonius
742 1143 834 1194 AEnein
848 1144 964 1193 cuimine
975 1145 1067 1206 gentes

465 1225 517 1284 Qui
526 1228 612 1284 sonat,
625 1225 727 1288 ingenti
741 1226 787 1290 qui
801 1225 909 1276 nomine
922 1217 1011 1288 pulset
1025 1223 1179 1289 Olympum,
1257 1219 1260 1228 '

466 1307 663 1372 Maeoniumque
678 1319 769 1358 senem
782 1309 903 1357 Romano
914 1309 1042 1372 provocat
1055 1319 1111 1368 ore,

465 1389 586 1439 Forsitan
599 1389 669 1455 illius
680 1389 796 1438 nemoris
810 1388 930 1437 latuisset
941 1389 969 1437 in
979 1389 1080 1446 umbro,
1164 1373 1168 1380 ¹

468 1457 543 1528 Quod
553 1469 632 1530 canit,
648 1471 674 1518 et
686 1468 767 1518 sterili
776 1472 882 1518 tuntum
895 1470 1029 1520 cantasset
1041 1479 1134 1528 avena,
1208 1485 1211 1492 ·

467 1550 577 1613 ignotus
591 1549 706 1612 populis,
720 1549 742 1597 si
756 1549 898 1598 Maecenate
913 1551 1022 1598 careret.

464 1629 514 1688 Qui
525 1633 614 1694 tumen
629 1629 700 1686 haud
715 1629 762 1678 uni
774 1629 897 1691 patefecit
911 1627 1004 1677 limine
1018 1627 1080 1688 voti,

464 1709 518 1759 N'ac
527 1723 576 1758 suu
589 1709 699 1772 Virgilio
714 1709 834 1772 permisit
848 1708 959 1758 numine
973 1707 1033 1757 soli.

451 1791 595 1842 'timueras
605 1790 706 1854 tragico
715 1791 878 1854 quatientem
889 1789 993 1852 pulpita
1006 1803 1083 1840 soeeo

466 1871 560 1920 Erexit
573 1871 693 1931 Varinm;
709 1872 839 1921 Maecenas
850 1869 1032 1922 ulta'teuehris

467 1951 542 2000 Eruit
556 1954 581 2001 et
594 1951 699 2015 populis
710 1951 827 2001 ostendit
841 1953 951 2001 nomino
965 1953 1056 2002 Graiis.

372 2049 375 2056 ·
436 2027 439 2034 '
466 2028 589 2082 Carmine
603 2032 728 2082 uomens
742 2032 821 2082 etium
832 2033 985 2082 resonantia
998 2032 1104 2082 chrudis

465 2112 662 2176 Ausoniumque
677 2112 773 2177 chelyn
785 2111 890 2177 gracilis
902 2113 1026 2176 patefecit
1038 2114 1128 2164 llorsti
1140 2116 1157 2164 ¹.

406 2259 460 2329 Illi
495 2270 609 2330 alitem
640 2261 916 2356 praestantissimi
944 2270 1053 2343 vetuo,
1084 2261 1259 2352 celerique
1285 2283 1406 2328 omues

340 2399 428 2468 quos
451 2377 487 2447 iu
517 2373 747 2470 patrocinium
767 2379 936 2448 Maeesnas
966 2386 1173 2469 susceperat,
1205 2376 1287 2446 dum
1316 2377 1405 2445 libe·

340 2494 474 2563 relitete
503 2495 576 2586 ejus
594 2504 634 2564 et
662 2495 905 2564 benevolentia
932 2495 1043 2564 otium
1070 2493 1154 2565 illud
1193 2493 1405 2585 usurpabant

338 2619 414 2702 quo'
445 2610 627 2699 ingenium
655 2612 892 2682 strenuissime
921 2633 1081 2680 exercere
1110 2619 1253 2702 possent
1285 2619 1322 2680 et
1360 2610 1405 2678 ad

339 2748 509 2796 summum
532 2727 780 2820 perfectionem
808 2727 1010 2820 perducere,
1037 2727 1081 2796 sd
1095 2727 1132 2796 id¹
1149 2726 1341 2821 presertim
1360 2725 1404 2794 ab

340 2843 464 2912 eodem
483 2843 659 2914 informati
688 2853 769 2913 sunt
787 2854 831 2912 'et
855 2844 1022 2936 perpulsi,
1043 2852 1082 2913 ut
1099 2845 1297 2934 Augustum
1325 2841 1404 2912 dili..

340 2969 474 3050 gerent,
495 2961 720 3038 celebrarent,
748 2960 965 3043 extollerent,
983 2985 1022 3030 uc
1045 2949 1146 3030 uovae
1170 2961 1321 3052 denique
1345 2960 1406 3030 do·¹

339 3077 541 3148 minutionis
564 3078 671 3147 veluti
698 3078 908 3146 incunabula
938 3076 1148 3146 faustissime
1174 3076 1406 3146 nobilissimo

340 3203 413 3285 que'
427 3217 489 3264 suo
512 3202 601 3264 coetu
620 3193 874 3266 circumdarent
892 3201 926 3262 at
944 3193 1044 3285 qussi
1068 3202 1258 3262 tuerentur.

387 3395 409 3442 t.
427 3391 521 3454 Ponep.
540 3392 577 3440 ad
594 3392 763 3456 Calpurnium
778 3367 905 3452 Pisonen,
924 3407 949 3442 s.
965 3395 1010 3443 ils
1028 3407 1084 3458 sqq.
1100 3394 1179 3447 -De
1193 3393 1244 3444 hoc
1264 3395 1403 3457 opusculo,
1457 3374 1458 3377 Ἴ

337 3469 409 3537 quod
430 3470 554 3520 nonnulli
570 3471 680 3534 Virgilio
702 3474 749 3520 aut
763 3471 866 3532 Ouidio,
878 3471 998 3536 plerique
1014 3473 1128 3532 Lucano,
1142 3472 1250 3537 quidam
1262 3473 1341 3524 etium
1360 3475 1405 3526 Sa*

337 3551 388 3642 icio
403 3551 484 3602 Besso
499 3551 662 3612 adscribunt,
678 3551 738 3602 vida
752 3551 896 3616 Weichert,
912 3551 944 3604 de
954 3553 982 3604 L.
1001 3553 1077 3602 Vario
1087 3554 1174 3620 poeta,
1189 3561 1317 3604 adurens
1330 3568 1370 3606 u„
