3130 5064
546 1275 705 1364 CAPUT
742 1275 793 1364 IV

233 1551 406 1628 oususuoei
425 1579 559 1627 rusnlnr
579 1549 718 1626 cossura
739 1578 763 1626 o.
785 1545 949 1626 dertusae
967 1575 1104 1626 nuausro
1127 1640 1129 1644 Ι

523 1668 541 1716 a
560 1667 724 1714 unosnnrn
744 1665 821 1714 nara
1058 1667 1061 1674 ’

202 1978 389 2063 Quomodo
405 1979 443 2048 C.
461 1977 632 2048 Maecenas
648 1978 690 2046 de
706 1977 893 2046 Octaviano
910 1976 1044 2045 Gaesare
1054 1977 1206 2070 primum
1313 2013 1325 2033 ·

135 2105 304 2189 tanquam
323 2095 469 2186 legatus,
491 2095 618 2164 deinde
640 2104 806 2188 tanquam
825 2095 862 2163 in
883 2094 975 2164 Urbe
995 2095 1083 2164 etin
1106 2083 1205 2164 ludia

135 2213 300 2296 vicarius,
327 2213 455 2305 optime
479 2212 623 2282 meritus
643 2213 702 2296 sit,
727 2211 756 2280 si
780 2229 851 2280 non
874 2213 976 2304 plane
995 2211 1202 2304 perspicere,

136 2329 259 2398 saltem
271 2328 353 2398 satis
368 2328 560 2419 intelligere
574 2329 763 2421 potuimus,
781 2330 821 2397 In
837 2329 962 2421 quibus
978 2327 1204 2398 Octavianum

135 2445 289 2516 vidimus
313 2446 500 2516 Maecenate
528 2448 622 2518 velut
643 2446 802 2515 ministro
822 2454 989 2530 utentem,
1006 2443 1205 2538 prudentis-

138 2563 225 2632 sime
264 2563 406 2656 quidem
442 2572 476 2632 et
510 2563 765 2648 strenuissimo,
793 2564 853 2632 sed
883 2563 1042 2632 ministro
1070 2562 1203 2654 utique.

138 2679 238 2749 Nunc
263 2700 360 2765 vero,
387 2680 533 2774 quidex
556 2680 598 2749 iis
620 2702 697 2773 quae
717 2681 759 2750 ab
781 2680 969 2751 Octaviano
995 2687 1090 2770 gesta
1113 2687 1205 2762 sunt,

139 2797 182 2872 ad
201 2797 439 2880 Maecenatem,
455 2798 557 2890 quasi
577 2798 620 2867 od
639 2806 826 2882 auctorem,
853 2796 1047 2868 redundare
1068 2795 1206 2880 debeat,

140 2911 223 3006 quid
244 2914 288 2984 de
301 2914 484 2984 condendo
500 2914 695 3006 principatu
709 2915 931 3007 regendaque
947 2913 1122 3007 republica
1132 2932 1209 2981 sen·

139 3031 233 3116 serit,
257 3051 405 3124 quarum
420 3031 570 3123 deniquo
589 3055 705 3101 rerum
719 3040 780 3112 out
799 3054 921 3102 suasor
933 3027 1050 3114 fuerit,
1068 3038 1127 3098 aut
1140 3029 1208 3098 dis-

140 3169 275 3232 suasor,
296 3145 550 3242 anquirendum
569 3156 632 3218 est.

207 3267 286 3349 Quo
306 3266 342 3334 iu
364 3266 542 3358 proposito
562 3274 731 3358 quantum
750 3265 795 3334 sit
818 3264 1047 3349 obscuritatis,
1077 3259 1207 3357 quanta

140 3383 341 3474 ambigendi
356 3383 512 3467 materia,
535 3403 829 3476 supervacaneum
848 3392 900 3452 est
920 3383 1118 3454 admonere.
1141 3381 1206 3450 Ec-

142 3501 219 3592 quis
239 3500 334 3570 enim
353 3508 522 3584 nostrum,
537 3523 624 3591 quos
640 3521 817 3570 sermones
831 3500 923 3569 inter
936 3521 973 3569 se
990 3501 1158 3569 Maecenas
1171 3507 1206 3568 et

141 3617 322 3708 Augustus
336 3617 531 3702 habuerint,
549 3639 758 3708 cognoscere
772 3619 892 3711 possit,
910 3639 1017 3710 quum
1031 3639 1074 3685 ne
1094 3635 1206 3708 aequa·

139 3733 190 3803 les
205 3734 349 3828 quidem
363 3755 484 3804 eornm
499 3735 745 3824 cognoverint?
757 3733 883 3828 Ecquis
908 3732 1051 3803 edocere
1062 3733 1205 3803 omnino

143 3861 247 3943 queat
268 3859 346 3920 uter
368 3851 460 3944 apud
484 3851 630 3920 alterum
657 3852 769 3942 magis
787 3851 946 3935 valuerit,
969 3857 1047 3942 uter
1061 3849 1208 3919 alterum

144 3966 180 4034 in
210 3989 311 4039 suam
337 3967 544 4036 sententiam
572 3967 698 4060 saepius
722 3967 943 4060 perduxerit?
973 3966 1209 4037 Nihilominus

143 4085 252 4154 mults
266 4083 394 4154 iudicia
407 4085 558 4178 reperire
570 4093 622 4153 est
636 4085 761 4179 quibus
776 4106 898 4156 verum
914 4077 1051 4154 odorari
1063 4085 1098 4157 et
1111 4085 1210 4178 quasi

144 4223 206 4292 per
220 4211 444 4272 transennam
462 4201 637 4294 adspicere
656 4201 840 4295 possimus.
