3130 5064
808 555 951 608 -34,

347 669 540 740 Antonium
566 672 719 742 Athenas
747 697 924 744 reversum
944 699 1018 744 esse
1038 676 1219 765 signifieat.
1246 675 1302 744 Ad
1325 676 1409 759 haec,

348 809 439 855 anno
459 787 541 869 tlt,
559 809 666 878 quum
685 789 922 858 Brundusium
948 791 1121 859 Antonius
1149 791 1258 874 venit,
1286 797 1350 861 aut'
1369 815 1412 860 ne

348 902 456 970 semel
471 902 613 994 quidem
639 927 835 974 sermonem
859 929 937 974 cum
957 907 1143 976 Maecenate
1162 907 1327 976 Horatius
1351 907 1412 976 ha-

347 1019 480 1101 buerat,
499 1028 558 1088 aut
580 1021 736 1090 nondum
755 1044 881 1092 novem
903 1045 1040 1091 meuses
1060 1023 1265 1091 effluxerant
1286 1023 1411 1115 quihus

347 1135 494 1226 peractis
508 1159 587 1204 eum
607 1137 776 1206 Macenas
791 1139 834 1208 ad
849 1161 885 1206 se
900 1139 1084 1222 revocavit,
1103 1137 1276 1231 jussitque
1311 1148 1313 1153 '
1388 1149 1391 1154 '

563 1315 627 1364 Esse
640 1315 669 1364 in
683 1316 830 1366 amicorum
841 1330 955 1367 numero
969 1319 988 1366 ¹.

415 1464 504 1534 Sunt
531 1465 681 1558 denique
706 1467 766 1559 qui
790 1468 999 1537 crediderint
1023 1470 1206 1538 Horatium
1234 1471 1412 1539 Maecenati

349 1580 512 1649 comitem
538 1582 644 1650 fuisse
664 1607 773 1674 quum
795 1584 824 1652 is
843 1585 1079 1652 Brundusium
1100 1595 1243 1676 peteret,
1266 1594 1305 1654 ut
1333 1587 1412 1656 inde

348 1695 502 1766 Athenas
520 1698 805 1790 proficisceretur.
828 1701 897 1770 Sed
912 1724 1025 1792 neque
1046 1697 1228 1770 Cocceium
1241 1701 1351 1794 hujus
1364 1704 1413 1772 le-

350 1813 499 1903 gationis
526 1815 730 1908 participem
748 1816 854 1885 luisse
873 1817 1044 1902 videmus,
1071 1841 1184 1911 neque
1212 1819 1283 1888 ulla
1312 1812 1414 1888 eausa

348 1939 421 1998 crat
440 1954 501 1998 cur
519 1931 686 2000 Fonteius
703 1932 835 2024 Capite,
852 1933 996 2002 Antonii
1019 1934 1168 2024 legatae,
1189 1945 1270 2003 tunc
1289 1935 1412 2004 Maace-

350 2046 423 2115 nati
443 2057 649 2116 occurrerat,
675 2048 833 2140 Denique
857 2049 1045 2118 absurdum
1064 2051 1207 2118 omnino
1231 2051 1354 2120 fuisset
1382 2061 1414 2120 et

348 2164 520 2254 insulsum
544 2164 573 2232 si
601 2164 770 2234 Maecenas
791 2164 990 2249 Horatium,
1020 2166 1223 2256 Virgilium,
1253 2168 1410 2252 Verium,

249 2335 250 2338 ,
349 2287 526 2371 totamque
569 2281 664 2348 illam
700 2280 979 2350 doctissimorum
1017 2283 1199 2352 hominum
1235 2283 1412 2353 cohortem

347 2399 584 2469 Brundusium
604 2399 769 2485 duxisset,
800 2409 840 2470 ut
863 2424 987 2472 navem
1014 2403 1261 2474 conscenderat
1283 2425 1412 2496 eosque

348 2517 464 2586 statim
478 2516 702 2608 relinqueret.

391 2633 496 2702 Nullo
516 2633 623 2722 igitur
637 2641 791 2725 tempore
812 2633 878 2702 nisi
902 2657 993 2703 anno
1013 2639 1077 2706 717
1092 2644 1206 2728 potest
1226 2659 1267 2705 ea
1284 2635 1412 2727 legatio

328 2749 463 2844 ¹hahita
479 2771 566 2832 esse,
584 2748 680 2840 cujus
700 2750 864 2819 Horatius
879 2775 994 2820 comes
1012 2753 1088 2822 fuit.
1110 2754 1254 2846 Nempe,
1271 2762 1311 2823 ut
1329 2753 1414 2846 quid

346 2864 637 2936 verisimillimum
656 2867 700 2935 sit
718 2867 773 2935 hic
794 2891 933 2960 quoque
953 2868 1196 2960 disquiramus,
1219 2893 1328 2968 quum
1348 2871 1413 2940 Oc-

347 2983 507 3053 tavianus
527 2991 561 3050 et
575 2983 744 3052 Maecenas
764 2984 956 3052 Antonium
971 2984 1167 3074 judicarent
1187 2985 1412 3057 observantia

348 3123 387 3168 ac
403 3099 595 3168 sedulitatis
616 3101 728 3190 specie
748 3108 822 3169 tum
850 3100 1072 3169 alliciendum
1091 3124 1178 3186 esse,
1201 3111 1275 3170 tum
1293 3103 1414 3195 procul
1483 3143 1484 3150 κ

348 3215 391 3284 ab
410 3215 501 3284 Urbe
521 3217 837 3298 arcendum-locus
857 3217 900 3284 ad
916 3217 1089 3309 colloquia
1108 3242 1128 3286 a
1146 3218 1269 3287 callido
1290 3219 1413 3288 Maece-

348 3340 428 3399 nate
447 3331 668 3422 potissimum
688 3331 888 3421 designatus
907 3334 936 3401 is
956 3333 1033 3417 fuit,
1055 3343 1094 3402 ut
1107 3335 1281 3404 Antonius
1301 3345 1335 3404 ct
1349 3336 1412 3404 sibi

349 3443 489 3517 obviam
507 3447 619 3516 veniri
639 3448 806 3532 crederet,
829 3458 864 3518 et
891 3449 928 3518 in
956 3459 1109 3519 extrema
1122 3452 1227 3520 'Italia
1242 3451 1413 3521 detinere·

348 3575 415 3634 tur.
438 3565 510 3633 Nec
533 3573 791 3655 vero-poterant
816 3564 921 3655 legati
941 3567 977 3634 in
1006 3567 1080 3659 ipso
1103 3569 1252 3638 Tarento
1273 3570 1411 3654 sedere;

348 3677 486 3774 quodsi
506 3680 679 3763 iecissent,
701 3704 742 3750 eo
762 3682 953 3773 prasertim
975 3693 1131 3775 ternpore
1147 3707 1216 3776 quo
1240 3684 1414 3754 Antonius

347 3799 474 3866 multas
493 3797 585 3866 vires
608 3797 748 3865 Tarenti
777 3807 1002 3888 congregatas
1022 3799 1181 3884 habebat,
1212 3824 1336 3892 parurn
1360 3802 1412 3869 di·

350 3912 472 4002 gnitati
492 3936 530 3981 ac
544 3913 693 3982 libertati
714 3936 784 3982 suae
800 3914 1064 3984 consuluissent.
1083 3915 1319 3984 Brundusium
1347 3913 1414 3983 sal·

579 4111 590 4136 ο

398 4183 421 4230 l.
437 4180 499 4231 Hor.
513 4177 595 4230 Serm.
608 4180 640 4240 Il,
656 4193 691 4243 ri,
705 4184 743 4231 ll.
