3130 5064
820 539 962 591 ..33-

359 669 393 727 et
425 658 620 727 necessitati
648 659 840 741 inserviret,
863 667 979 728 tamen
1012 668 1141 727 certam
1168 661 1356 751 quamdam
1387 671 1421 730 et

359 776 516 844 eamdem
531 782 697 843 secretam
715 774 888 843 rationem
902 775 1123 866 pertinaciter
1137 784 1274 844 secutus
1289 785 1353 860 est,
1369 801 1426 846 ne-

357 915 425 983 que
453 912 608 983 unquam
635 915 655 958 a
686 890 863 982 proposito
884 890 1065 960 deerravit.
1097 891 1218 960 Voluit
1251 892 1356 976 enim,
1388 902 1426 961 ut

358 1008 643 1099 supradiximus,
665 1007 870 1074 aemulorum
889 1028 1032 1074 suorum
1059 1007 1213 1076 societati
1233 1007 1367 1091 obesse,
1388 1017 1449 1078 ut'
1472 1005 1476 1012 ’

358 1123 513 1213 singulos
532 1123 684 1191 vicissim
706 1123 915 1214 opprimeret
937 1145 944 1190 :
966 1123 1057 1190 inter
1080 1145 1168 1214 quos
1188 1145 1297 1214 quum
1313 1124 1424 1193 Anto-

358 1241 456 1309 nium
492 1239 642 1309 maxime
670 1239 844 1308 valentem
863 1238 1097 1307 constituisset
1131 1262 1201 1306 non
1233 1239 1330 1330 prius
1364 1263 1425 1329 ag-

359 1357 457 1446 gredi
472 1380 576 1448 quam
604 1347 735 1426 ceteros
762 1354 951 1438 afflixisset,
969 1355 1141 1424 Antonius
1155 1355 1347 1447 praesertim
1363 1356 1426 1424 du·

360 1473 489 1542 cendus
508 1473 573 1541 fuit
588 1481 621 1540 et
636 1472 863 1541 deludendus.

403 1590 538 1676 Deinde
553 1590 640 1658 illud
654 1611 794 1681 quoque
813 1589 990 1657 notatione
1006 1588 1259 1679 dignissimum,
1274 1589 1426 1680 quoties-

272 1719 275 1725 “
363 1731 498 1798 cunque
527 1706 570 1774 ad
590 1715 779 1774 conventus
807 1713 842 1774 et
864 1706 1038 1797 colloquia
1057 1716 1200 1776 ventum
1227 1706 1344 1789 fuerit,
1372 1729 1428 1776 res

359 1845 521 1915 prospere
541 1823 735 1912 Octaviano¹
753 1821 895 1890 cessisse
922 1830 955 1888 et
981 1822 1024 1890 ad
1053 1822 1127 1912 ejus
1146 1822 1332 1892 utilitatem
1352 1845 1427 1892 esse

360 1963 555 2023 conversas,
574 1939 660 2008 adeo
684 1947 723 2006 ut
741 1961 855 2030 neque
876 1960 984 2030 quum
1000 1938 1041 2007 de
1056 1939 1291 2026 Brundusina,
1313 1961 1428 2030 neque

359 2080 468 2149 quum
494 2057 536 2124 de
565 2054 751 2124 Tarentina
778 2077 861 2146 paee
891 2063 1062 2144 ageretur,
1084 2055 1276 2146 quidquam
1302 2054 1428 2124 melius

362 2182 524 2265 exoptare
534 2173 698 2264 potuerit,
716 2194 821 2263 quam
839 2171 934 2264 quod
953 2170 1113 2240 effectum
1127 2179 1190 2240 est.

428 2290 599 2382 Denique,
615 2289 774 2357 videmus
793 2288 829 2355 in
845 2287 1069 2356 solertissima
1084 2287 1143 2356 illa
1161 2287 1430 2380 felicissimaque

363 2429 480 2476 rerum
507 2405 764 2473 tractandarum
799 2404 935 2482 ratione
967 2404 1190 2472 Maecenatem
1225 2403 1431 2495 plerumque

363 2524 492 2618 primas
520 2531 634 2615 partes
655 2521 857 2590 obtinuisse.
884 2522 985 2604 Nam,
1007 2530 1046 2590 ut
1065 2521 1158 2614 quod
1186 2521 1357 2590 incertum
1383 2530 1436 2590 est

365 2649 424 2710 aut
442 2641 602 2729 ignotum
618 2637 830 2721 omittamus,
847 2637 1016 2705 Maecenas
1032 2660 1111 2706 cum
1124 2635 1257 2704 Libone
1278 2635 1320 2705 de
1341 2637 1433 2706 Seri·

364 2758 477 2826 boniae
497 2755 718 2824 matrimonio
739 2755 831 2843 agit;
853 2755 1022 2823 Maecenas
1049 2752 1227 2822 Octaviani
1251 2755 1435 2824 commoda

362 2873 584 2943 Brundusino
601 2871 729 2940 loedere
749 2861 891 2940 tutanda
906 2878 1017 2952 ourat;
1039 2871 1208 2940 Maeeeuas
1221 2893 1314 2938 nune
1328 2871 1434 2940 Athe-

363 3015 438 3076 nas,
459 3014 551 3060 nune
566 2991 754 3058 Tarentum
769 2988 813 3056 ad
827 2987 1019 3057 Antonium
1038 2988 1163 3079 pergit,
1186 2987 1241 3056 cui
1255 3010 1318 3079 per
1331 2986 1432 3056 blan-

366 3110 467 3178 ditias
496 3131 534 3176 ao
558 3106 750 3200 praestigias
776 3113 909 3195 gratam
933 3111 1175 3196 acceptamque
1204 3103 1285 3172 facit
1311 3126 1433 3195 paoem

365 3225 552 3296 Octaviano
570 3222 800 3304 utilissimam,
816 3221 912 3290 itaut
927 3221 970 3289 ad
980 3200 1229 3290 ludificantium
1238 3220 1432 3290 Antonium

365 3342 469 3410 homo
485 3341 585 3409 unice
607 3347 708 3408 natus
726 3338 895 3407 videatur.

358 3465 377 3514 -’
432 3458 564 3541 Quibus
584 3454 821 3536 consideratis
839 3454 1062 3522 Maecenatem
1080 3437 1235 3543 legatum
1254 3454 1433 3525 Octaviani

325 3625 334 3642 .
364 3577 471 3646 fuisse
491 3583 530 3642 ut
553 3572 771 3655 fidissimum,
799 3571 846 3639 ita
865 3569 1125 3663 peritissimum,
1147 3571 1240 3640 haud
1259 3569 1432 3640 immerito

362 3695 582 3762 decernetur.

372 3957 376 3964 ·
431 3923 618 4003 Nimirum,
649 3919 677 3987 si
706 3919 749 3988 ad
782 3917 964 4006 ingenium
987 3916 1210 4010 indolemque
1234 3919 1430 3989 Maecenatis

364 4039 570 4134 respexeris,
594 4036 645 4105 illi
678 4035 814 4104 abunde
843 4033 949 4102 fuisse
970 4034 1086 4103 omnia
1105 4035 1277 4126 judicabis
1297 4060 1374 4128 quae
1394 4037 1430 4105 in

365 4159 407 4226 iis
425 4153 669 4246 legationibus
697 4151 821 4243 quibus
846 4149 1035 4240 saepissime
1063 4151 1284 4240 fungebatur,
1314 4152 1432 4222 felices
