3130 5064
631 561 717 612 ..33
738 587 772 595 -.

235 675 324 750 illud
337 681 489 772 primum
508 681 644 772 anquiri
663 689 777 771 polest
795 701 856 747 cur
873 679 977 767 legati
997 675 1234 746 Brundusium

170 798 345 890 petierint,¹
360 820 468 888 quum
488 797 693 866 Octavianus
708 797 827 864 Romae
850 803 951 875 esset,
978 792 1151 862 Antonius
1171 815 1233 860 au-

172 925 239 982 tem
258 913 411 982 Tarenti.
430 913 541 994 Quam
556 913 599 980 ob
611 934 748 980 causam
763 912 862 980 multi
874 911 1079 1001 interpretes
1094 908 1234 976 satiram
1286 903 1287 906 '

170 1029 392 1099 crediderunt
409 1029 453 1096 ad
477 1051 606 1096 annum
627 1031 691 1096 ill
712 1036 880 1119 spectare,
908 1049 976 1117 quo
991 1049 1059 1116 pax
1076 1024 1235 1093 andu-

170 1148 245 1217 sina
263 1147 331 1214 icta
351 1153 413 1214 est.
432 1145 500 1214 Sed
520 1167 560 1212 eo
583 1166 807 1234 annonaque
836 1139 1141 1210 amicitia.Horatii
1156 1162 1235 1209 oum

170 1264 356 1331 Maecenate
378 1261 516 1328 initium
538 1269 686 1352 ceperat,
703 1268 737 1328 et
756 1259 849 1326 omni
874 1281 978 1327 sensu
997 1257 1163 1326 caruisset
1176 1257 1234 1324 illc

168 1401 290 1448 versus
313 1400 320 1446 :

295 1541 409 1592 aversos
426 1541 495 1598 soliti
509 1554 667 1604 componere
680 1541 787 1591 amicos.

168 1697 260 1764 Ante
280 1694 538 1764 Brundusinam
559 1695 653 1763 enim
676 1716 798 1786 paoem
821 1717 892 1762 non
915 1692 1074 1786 videmus
1095 1715 1235 1762 aversos
1297 1685 1298 1688 '

165 1811 301 1879 amicos
317 1833 337 1881 a
355 1810 541 1879 Maecenate
559 1810 773 1902 Cocceioque
789 1833 863 1879 esse
884 1810 1094 1901 compositos
1111 1815 1134 1877 ¹.

235 1926 359 1994 Plures
383 1948 467 1995 vero
485 1929 496 1962 ²
517 1926 704 2008 finxerunt,
726 1949 817 1994 anno
837 1927 915 2009 llo,
936 1949 1044 2017 quum
1062 1924 1237 1993 Antonius

168 2041 407 2110 Brundusium
425 2041 589 2126 venisset,
612 2041 819 2111 Octavianus
835 2043 983 2126 abesset,
999 2042 1135 2110 habitos
1150 2041 1237 2110 iuis·

169 2181 206 2226 se
225 2158 414 2229 Brundusii
430 2168 620 2230 conventus
645 2167 679 2226 et
701 2159 875 2250 colloquia
899 2181 1048 2250 quorum
1066 2158 1236 2250 particeps

169 2275 340 2344 Maecenas
353 2299 428 2344 esse
442 2274 606 2368 potuerit,
629 2284 663 2343 et
682 2298 758 2344 eam
778 2275 918 2343 demum
933 2297 1008 2343 esse
1022 2275 1235 2364 legationem

170 2391 213 2460 de
228 2416 299 2484 qua
318 2393 409 2484 apud
433 2391 616 2462 Horatium
636 2390 761 2481 agitur.
791 2390 860 2460 Sed
879 2415 920 2460 ea
939 2391 1057 2482 opinio
1078 2413 1167 2460 vana
1186 2397 1238 2458 est

170 2517 273 2599 atque
289 2508 414 2592 inanis,
431 2517 551 2601 utpote
575 2532 651 2599 quae
670 2508 756 2577 nulli
777 2507 1020 2577 historicorum
1039 2507 1236 2577 testimonio

168 2623 348 2708 innitatur,
367 2624 436 2693 imo
451 2624 602 2717 Appiani
621 2624 810 2693 narrationi
824 2633 994 2719 repugnet
1004 2626 1028 2708 ³,
1042 2621 1102 2717 qui
1123 2623 1237 2694 statim

169 2829 233 2890 rint,
248 2821 326 2880 multi
344 2844 399 2880 non
416 2831 604 2881 intellexerunt
618 2831 673 2896 (vid
689 2831 844 2893 Frondem„
861 2847 888 2896 p.
907 2835 946 2893 62,
965 2832 1023 2896 63),
1039 2832 1119 2897 quod,
1140 2832 1189 2882 etsi
1204 2829 1237 2882 ad

169 2919 228 2959 rem
241 2913 360 2970 nostram
373 2910 418 2960 vix
436 2911 539 2972 attinet,
559 2911 631 2962 haud
650 2913 743 2962 inutile
759 2913 863 2962 videtur
876 2913 926 2962 hac
942 2912 1033 2962 notula
1056 2913 1190 2976 indagare.
1210 2909 1237 2962 Si

169 2992 272 3042 Horatii
283 3006 376 3042 versus
391 2995 491 3044 attente
502 2993 655 3057 perlegeris,
670 2994 799 3044 Maecenas
811 2993 988 3056 Cerceiosque
1004 3007 1058 3043 una
1069 2993 1236 3043 Terracinam

171 3085 255 3134 usque
271 3071 321 3121 iter
335 3071 466 3132 fecerunt3
480 3071 605 3121 Fonteius
619 3085 682 3120 vero
695 3071 786 3134 Capito
804 3071 883 3120 sictut
900 3071 1017 3131 advenit,
1032 3070 1058 3120 id
1076 3075 1124 3132 est,
1142 3071 1236 3120 eodem

168 3155 298 3214 tempore,
315 3153 347 3202 ab
363 3152 443 3202 altera
460 3155 543 3215 parte.
560 3153 648 3212 Quum
666 3166 729 3202 vero
749 3153 805 3216 ipse
822 3153 945 3202 Horatius
960 3164 1009 3202 nos
1032 3151 1125 3202 doceat
1146 3151 1178 3215 (v.
1195 3152 1234 3216 38)

169 3231 280 3282 Fonteio
289 3232 379 3282 villam
390 3233 471 3282 luisse
482 3233 603 3294 Formiis,
617 3247 675 3297 quae
689 3247 704 3282 a
715 3231 1007 3283 Terracina‘duodecim
1017 3231 1101 3280 millia
1108 3239 1235 3293 passuum

168 3311 314 3372 distabant,
332 3313 505 3380 Maecenatem
522 3317 549 3362 et
564 3313 703 3362 Cocceium
723 3313 808 3377 liquot
830 3315 863 3364 ab
882 3313 952 3364 Urbe
966 3311 1080 3373 venisse,
1095 3312 1236 3362 Fonteium

168 3404 234 3440 vero
250 3390 413 3454 Capitonem,
427 3392 473 3455 qui
489 3395 547 3443 tum
565 3393 593 3442 in
617 3407 665 3443 sua
685 3392 748 3442 villa
770 3394 932 3453 versabatur,
948 3392 980 3442 iis
996 3391 1106 3456 paulum
1128 3391 1234 3440 obviam

168 3470 259 3531 ivisse,
279 3483 346 3535 quos
360 3471 393 3521 ad
414 3485 518 3521 coenam
537 3472 669 3532 invitaret,
689 3471 839 3537 quibusque
857 3472 984 3536 postridie
999 3471 1124 3522 comitem
1142 3482 1169 3518 se
1189 3469 1235 3518 ad-

166 3551 302 3615 jungeret.
320 3551 415 3600 Itidem
434 3553 557 3602 Horatius
577 3555 604 3602 et
618 3572 629 3597 ιι
648 3553 740 3603 rhetor
753 3568 835 3603 comes
849 3554 1008 3604 Heliodorus
1023 3572 1035 3597 »
1051 3567 1105 3602 una
1120 3551 1153 3601 ab
1167 3545 1234 3600 urbe
1260 3548 1264 3558 '

167 3632 315 3692 venerant3
330 3630 455 3694 Virgilius
470 3645 542 3690 vero,
562 3629 672 3691 Plotius,
682 3632 828 3694 Variusque
840 3633 950 3694 Neapoli
962 3635 1007 3681 aut
1021 3633 1099 3692 Baiis,
1113 3633 1159 3680 aut
1169 3629 1234 3680 locis

168 3709 241 3759 circa
259 3708 459 3773 subjacentibus
478 3712 554 3759 erant
575 3709 686 3773 protecti
706 3710 794 3773 (qnam
815 3723 890 3760 suam
910 3711 1096 3774 Parthenopen
1112 3709 1236 3759 dilexerit

166 3787 296 3850 Virgilius
307 3790 333 3838 et
340 3788 488 3839 laudaverit
501 3789 565 3838 satis
575 3789 688 3852 notum),
698 3789 820 3852 viamque
833 3790 982 3839 secundum
993 3789 1067 3839 littus
1082 3790 1234 3840 Sinuessam

167 3881 255 3930 usque
271 3867 362 3928 seculi,
383 3867 429 3916 ubi
449 3867 542 3932 legatis
559 3882 586 3918 se
610 3868 816 3931 conjunxerunt,
838 3869 866 3918 in
888 3869 1042 3918 interiorem
1063 3865 1234 3940 Campaniam

162 3946 277 4014 jamjam
291 3950 454 4012 processuris
470 3951 503 4014 (v.
518 3950 567 4014 to).
580 3951 638 4001 Vid.
651 3951 680 3999 E.
694 3949 857 4014 Desierdins,
873 3951 896 4001 le
911 3951 1011 4016 Vopoqc
1025 3953 1041 4000 ὰ
1054 3950 1171 4001 Brindes.

216 4031 239 4078 l.
255 4028 370 4090 Messon,
383 4029 464 4079 Horat
474 4030 529 4090 vit,
547 4033 614 4091 1708,
630 4030 706 4092 in-80,
719 4045 745 4094 p.
757 4032 839 4080 81-88.
855 4059 885 4067 -
895 4032 1040 4093 Frondem,
1055 4046 1081 4094 p.
1096 4033 1135 4082 62.

215 4113 240 4160 2.
260 4108 333 4160 Inter
346 4124 413 4174 quos
427 4111 564 4172 Heindorf,
579 4112 695 4172 Passow,
709 4115 779 4162 eta...
1001 4111 1008 4126 ⁹

215 4194 239 4243 3.
256 4191 323 4255 App.
335 4190 401 4241 Bell.
416 4193 472 4252 civ,
487 4193 517 4252 V,
532 4195 571 4242 79.

1110 4284 1124 4333 3
