3130 5064
702 551 707 562 .
798 510 938 562 -tt-

335 653 423 714 esse,
444 631 535 699 inter
549 653 637 721 quos
651 631 829 698 Porsenna
848 629 952 718 vulgo
972 628 1219 708 numerabatur
1235 639 1258 698 ¹.
1276 630 1399 723 Neque

335 746 576 829 omittendum,
586 746 623 812 in
631 745 787 836 plurimis
802 744 870 812 illis
883 753 1063 836 poetarum
1073 745 1170 828 locis,
1186 747 1311 837 quibus
1321 748 1400 816 Mae·

334 885 435 930 cenas
450 869 590 953 propter
605 861 742 950 generis
757 860 997 930 claritudinem
1011 861 1229 952 praedicatur,
1246 863 1399 960 equitem

333 1000 473 1070 quoque
493 1000 573 1045 eum
588 975 765 1068 appellari,
788 984 822 1044 et
835 984 1018 1068 propterea
1034 976 1167 1045 laudari
1183 977 1277 1069 quod
1292 1002 1399 1071 eques

335 1115 398 1162 sua
412 1093 588 1161 voluntate
603 1091 817 1160 remanserit.

443 1255 582 1313 Maecanas,
595 1265 676 1316 eques
690 1253 801 1303 Etrusco
815 1251 848 1301 de
862 1252 993 1317 sanguine
1004 1265 1108 1316 regum,
1159 1297 1164 1304 .

493 1335 565 1384 Intra
577 1333 712 1384 somonam
725 1334 772 1396 qut
785 1333 861 1396 cupis
876 1346 933 1383 esse
947 1337 1020 1383 tunm
1033 1334 1073 1384 Ι...

334 1467 382 1534 ait
408 1466 621 1558 Propertius.
663 1439 746 1548 Quae
781 1468 898 1534 omnia
925 1467 954 1533 si
987 1466 1271 1549 consideraveris,
1306 1467 1399 1536 baud

333 1581 555 1650 temerarium
574 1581 746 1649 videbitur
761 1581 901 1664 inferre,
923 1582 1096 1672 equitibus
1115 1582 1221 1650 fuisse
1236 1583 1329 1651 unde
1345 1605 1399 1652 su-

267 1726 271 1734 ·
332 1694 519 1791 perbirent,
551 1697 645 1789 quod
668 1697 782 1765 virum
808 1698 916 1787 regali
945 1698 1050 1790 stirpe
1070 1699 1257 1767 oriundum
1278 1698 1314 1766 in
1333 1722 1397 1768 suo

332 1814 453 1882 ordine
476 1813 645 1896 viderent,
672 1814 893 1884 Maecenatem
920 1835 1016 1895 vero,
1036 1837 1156 1905 quum
1181 1815 1397 1884 excellentis-

332 1930 439 1998 simus
467 1931 557 1997 inter
585 1929 717 2020 equites
741 1928 935 2012 haberetur,
961 1929 1112 1998 maxima
1136 1932 1227 2023 apud
1256 1932 1397 2000 eosdem

330 2047 532 2116 auctoritate
548 2045 780 2137 praevaluisse.

400 2161 500 2245 Quod
523 2169 562 2230 ut
584 2171 742 2236 nostrum
761 2160 977 2252 propositum
1000 2183 1226 2252 assequamur
1247 2163 1396 2231 multum

330 2279 485 2346 interest.
504 2277 553 2344 Eo
570 2277 663 2344 enim
681 2285 850 2368 tempore,
872 2300 940 2367 quo
956 2276 1096 2344 libertas
1119 2277 1238 2368 populi
1261 2279 1395 2346 romani

329 2403 498 2486 vetusque
515 2393 695 2485 disciplina
710 2393 988 2476 consenescebat,
1007 2394 1176 2484 equestris
1191 2395 1323 2463 ordinis
1337 2417 1397 2486 po-

331 2518 490 2578 testatem
509 2509 697 2602 plurimum
713 2509 861 2577 crevisse
876 2517 1019 2577 constat.
1039 2509 1187 2593 Scilicet,
1204 2533 1312 2601 quum
1321 2533 1396 2603 per-

329 2627 444 2718 petuis
473 2626 652 2696 discordiis
677 2625 796 2694 civitas
819 2625 1003 2707 laboraret,
1029 2625 1183 2694 medium
1212 2627 1396 2718 quemdam

331 2751 365 2810 et
383 2741 557 2831 insignem
576 2741 666 2808 inter
680 2743 799 2810 Patres
813 2738 1018 2832 plebemque
1032 2741 1148 2810 locum
1163 2742 1296 2833 equites
1312 2743 1396 2811 obti-

330 2880 456 2941 nuere,
478 2881 628 2950 quorum
648 2856 705 2924 alii
726 2856 763 2923 in
779 2855 984 2924 exercitibus
998 2856 1110 2948 prima
1132 2880 1277 2926 munera
1296 2881 1395 2928 exer-

331 2975 464 3057 cebant,
490 2974 548 3042 alii
567 2972 706 3064 judiciis
730 2972 767 3040 in
794 2972 881 3040 Urbe
907 2971 1151 3060 fungebantur,
1172 2974 1230 3041 alii
1254 2975 1290 3042 in
1314 2997 1396 3067 pro-

236 3091 246 3112 ‘
329 3091 452 3160 vinciis
472 3091 600 3158 tributa
620 3097 653 3156 et
671 3087 853 3176 vectigalia
874 3086 1070 3176 exigebant,
1091 3088 1248 3181 plerique
1273 3090 1396 3181 opibus

331 3216 365 3276 et
379 3206 508 3275 divitiis
523 3204 754 3273 abundabant.
773 3204 812 3270 ln
827 3202 896 3270 illis
911 3202 1017 3291 igitur
1031 3203 1178 3272 labantis
1197 3205 1395 3296 reipublicae

331 3324 437 3392 robur
457 3331 491 3394 et
509 3344 617 3390 unum
636 3317 803 3387 libertatis
832 3317 1024 3386 subsidium
1049 3341 1123 3387 esse
1148 3320 1266 3389 Cicero
1286 3330 1393 3404 ratus,

331 3439 550 3508 defensorem
565 3458 684 3504 eorum
700 3444 735 3504 et
750 3433 858 3502 veluti
883 3434 1006 3502 ducem
1028 3435 1121 3504 haud
1139 3437 1246 3503 semel
1266 3459 1312 3526 se·
1323 3459 1396 3526 ges

331 3565 422 3624 serat
442 3558 465 3621 ³.
488 3554 534 3620 At
556 3551 731 3620 Ciceronis
751 3572 847 3642 spem
871 3551 1004 3642 equites
1021 3551 1170 3619 multum
1188 3551 1392 3636 fefellerant,

331 3673 458 3765 quippo
475 3670 534 3762 qui
546 3669 631 3738 adeo
647 3691 717 3736 non
729 3667 770 3734 ab
786 3666 889 3734 unius
904 3665 1140 3734 dominatione
1156 3665 1392 3752 abborrerent,

379 3898 401 3944 t.
417 3893 475 3945 Vid.
486 3892 581 3958 fragm.
594 3891 678 3954 Epist.
689 3888 800 3953 depasti
809 3885 1014 3936 odlfaecrnatem
1027 3901 1070 3951 up.
1082 3887 1197 3968 blacroh.
1208 3888 1325 3952 Sarum,
1336 3893 1360 3951 2,
1371 3892 1394 3940 Ι.

376 3978 400 4024 2.
419 3975 497 4038 Prop.
508 3972 591 4037 Elea,
603 3973 648 4031 ΙΙΙ,
665 3974 689 4021 9.
1232 4031 1234 4036 Ι

377 4056 400 4102 3.
411 4055 510 4117 Nempe
520 4053 576 4115 ipse
588 4050 678 4100 Cicero
689 4047 761 4096 homo
775 4061 854 4096 novus
866 4048 929 4107 erat,
941 4049 976 4106 ct,
988 4049 1018 4096 ut
1033 4047 1070 4097 ait
1078 4048 1091 4097 J
1096 4050 1223 4110 uvenelis,
1234 4049 1396 4113 murricipolis

331 4148 413 4199 eques.
