3130 5064
641 555 765 608 ...9-

168 678 276 760 locos,
298 677 358 745 uhi
376 677 508 744 1666116
523 677 640 768 aliqua
658 677 854 745 Maecenatis
877 676 1091 760 facta-esset,
1115 699 1234 745 excer-

168 801 265 886 peret
283 802 319 860 et
332 793 430 884 quasi
451 800 653 882 congereret
670 817 677 862 :
696 793 738 861 16
753 793 878 885 quibus
893 792 1016 882 longas
1035 801 1070 861 et
1087 792 1234 862 subobs-

167 931 266 977 curas
282 909 532 999 disputationes
541 910 746 1001 plerumque
765 908 927 991 instituit,
944 932 1015 977 non
1026 909 1100 976 sine
1114 908 1233 978 multis
1293 988 1295 992 ¹

167 1034 269 1116 atque
278 1025 452 1093 interdum
460 1025 587 1092 inflatis
597 1025 793 1093 Μ66666116
803 1023 1120 1106 laudibus,itautin
1129 1046 1233 1115 opere
1274 1059 1280 1072 ·

167 1141 226 1210 illo
247 1141 365 1209 omnia
378 1141 487 1208 mixta
506 1141 575 1208 sint
589 1149 623 1209 et
641 1140 827 1233 implicata,
849 1141 964 1232 operis
983 1148 1100 1209 autem
1114 1149 1234 1209 auctor

166 1279 259 1325 nunc
276 1257 505 1339 laudatorem,
528 1280 620 1325 nunc
644 1257 918 1346 grammaticum,
934 1277 1042 1348 prope
1061 1279 1232 1347 nusquam

166 1395 248 1442 vero
270 1383 498 1456 narratorem,
520 1373 649 1441 nedum
665 1373 829 1454 criticum,
852 1394 954 1462 agere
973 1372 1144 1440 videatur.
1167 1371 1233 1454 Qui

168 1488 293 1557 dehinc
316 1490 359 1557 de
382 1489 568 1557 Maecenate
593 1490 813 1581 scripserunt,
836 1497 876 1557 ut
894 1490 988 1559 Gicc.
1017 1489 1123 1559 Ceoni
1142 1487 1234 1580 apud

166 1605 283 1688 Italos,
296 1605 415 1674 Richcr
424 1606 516 1697 apud
525 1629 601 1688 nos,
619 1605 846 1674 Meibomium
861 1607 959 1697 quasi
975 1606 1100 1674 ducem
1110 1614 1144 1673 et
1159 1627 1234 1674 aus-

166 1720 279 1811 picem
300 1722 407 1789 seouti
432 1730 523 1805 sunt,
544 1723 611 1790 nisi
631 1722 724 1814 quod
746 1721 966 1813 paucioribus
985 1711 1099 1791 uerbis
1124 1729 1232 1790 61616-

166 1841 254 1908 11616
269 1837 502 1906 absolverunt.
518 1839 644 1907 Nostra
658 1845 769 1921 aetate,
787 1838 879 1929 apud
893 1823 1095 1920 Germanos,
1113 1831 1232 1906 doctus

155 1955 220 2030 ,vir
234 1949 268 2022 ct
282 1953 453 2022 litteratus
463 1954 685 2022 Frandsem'us
702 1943 848 2043 longum
867 1963 901 2022 et
920 1953 1073 2045 amplum
1092 1953 1134 2021 de
1154 1955 1233 2022 Mae-

167 2079 286 2139 cenete
305 2069 433 2138 librum
452 2071 656 2162 composuit.
679 2070 843 2153 Quamvis
859 2079 974 2138 autem
988 2069 1165 2138 Meibomii
1181 2070 1231 2137 in-

168 2187 299 2256 fitietur
326 2187 564 2255 auctoritatem
584 2197 618 2255 61
641 2186 829 2278 6661661166
849 2186 891 2253 ab
912 2209 952 2254 66
978 2185 1173 2267 dissentiat,
1194 2185 1231 2254 in

165 2305 332 2395 pleraque
351 2303 528 2370 Meibomii
547 2303 630 2370 vitia
644 2301 774 2370 inscius
793 2301 974 2384 delabitur.
996 2302 1128 2393 Nempe
1139 2301 1231 2393 apud

166 2442 246 2488 eum
266 2441 406 2510 quoque
434 2419 550 2486 1611116
575 2426 655 2486 6661
681 2418 724 2485 (16
746 2426 904 2487 veterum
928 2426 1107 2484 auctorum
1134 2409 1231 2485 testi·

165 2535 293 2603 moniis
313 2534 574 2626 disputationes,
596 2534 722 2626 quihus
735 2534 907 2602 intercisa
929 2533 1080 2602 narratio
1096 2524 1230 2602 confusi

165 2651 298 2743 aliquid
312 2650 415 2719 habet
434 2659 468 2719 61
486 2651 635 2742 operosi,
653 2651 700 2718 ita
714 2659 753 2719 ut
770 2651 870 2718 facile
894 2649 1022 2718 1611616
1036 2650 1242 2741 deprehen-x

165 2769 292 2836 dantur
307 2767 510 2856 germanicae
526 2790 605 2835 cum
619 2767 806 2835 Meibomio
822 2749 1140 2856 consanguinitatis.
1163 2767 1229 2834 Ta-

164 2906 257 2966 men,
275 2881 479 2952 Frandsenii
498 2882 586 2951 liber
603 2883 751 2950 multum
774 2883 809 2951 in
830 2905 870 2951 se
894 2883 1047 2950 continet
1062 2881 1229 2954 eruditio·

164 3002 230 3084 nis,
248 3025 318 3092 qua
339 3001 500 3093 operibus
520 3001 562 3068 de
586 3001 772 3068 Maecenate
792 3008 892 3068 66166
911 2997 1046 3088 66116116
1070 2998 1229 3088 quaedam
1298 3033 1301 3040 ·

165 3117 375 3208 adjiciuntur
397 3126 431 3185 61
453 3117 612 3184 nonnulli
628 3137 762 3184 errores
781 3115 1012 3203 corriguntur.
1039 3112 1108 3180 Sed
1133 3121 1228 3204 post-

165 3257 270 3325 quam
295 3232 422 3300 librum
450 3233 610 3300 eumdem
637 3231 837 3324 perlegeris,
866 3229 1227 3321 16166661166666

165 3350 288 3431 11661,Ι
305 3357 474 3440 quatenus
510 3348 683 3417 statuendi
714 3337 925 3440 'principatus
958 3337 1228 3437 ordinandaeque

165 3464 362 3556 reipublicae
382 3465 550 3533 Maecenas
569 3465 739 3557 particeps
760 3465 880 3546 fuerit,
902 3464 994 3532 unde
1019 3462 1228 3554 respondeas

165 3604 235 3649 non
254 3581 407 3648 habebis.
426 3580 525 3663 Quod
545 3581 686 3673 quidem
701 3581 825 3672 saepius
844 3575 1229 3648 11166166616661161161
1257 3611 1263 3624 ·

166 3719 201 3764 se
230 3697 456 3788 quaesiturum
478 3719 484 3765 :
508 3697 566 3765 sed
592 3720 668 3766 eam
692 3719 789 3788 66661
817 3697 952 3787 quotics
979 3695 1080 3763 nobis
1102 3693 1225 3784 injicit,

165 3813 266 3880 toties
283 3812 383 3895 fallit,
403 3836 512 3904 quum
534 3837 641 3906 prope
666 3835 802 3903 semper
816 3813 1052 3880 confiteature
1070 3817 1228 3879 veterum

167 3937 344 3996 auctorum
376 3930 497 4021 locis„
513 3930 571 4022 qui
596 3930 639 3997 ad
664 3929 886 3997 Maecenatem
903 3917 1081 4019 spectant,
1106 3935 1226 4018 utpote

167 4045 291 4135 sparsis
311 4069 349 4112 ac
368 4045 523 4128 minutis,
547 4045 633 4113 nihil
648 4032 788 4114 demum
803 4043 886 4111 certi
901 4043 1016 4132 colligi
1036 4065 1149 4135 posse.

231 4162 396 4231 Nostrum
414 4161 521 4251 igitur
539 4163 614 4244 erit,
632 4185 703 4230 non
726 4160 858 4252 aliquid
876 4160 957 4228 novi
974 4160 1015 4228 de
1039 4161 1224 4230 Maecenate
