3130 5064
812 525 956 579 ..74-

350 645 550 715 stitutorum
562 643 767 713 memoriam
782 645 920 714 abolere
931 653 990 713 aut
999 644 1173 714 civitatem
1188 645 1330 716 omnino
1345 669 1419 717 mu·

349 771 422 833 tare
437 763 615 845 videatur;
633 784 732 830 suam
746 762 1005 852 magistratibus
1016 762 1220 852 dignitatem
1230 763 1415 857 relinquat,

351 879 420 950 vim
445 901 525 950 vero
545 903 584 947 ao
601 879 794 971 potentiam
822 879 1005 947 imminuat
1025 888 1056 962 ²3
1080 878 1215 948 nullum
1233 878 1415 964 honorem,

349 997 484 1066 nullum
507 995 648 1065 titulum
676 994 741 1063 sibi
771 995 896 1064 deferri
922 995 1072 1087 patiatur
1095 995 1155 1087 qui
1180 1004 1239 1066 eut
1261 996 1417 1066 insolens

342 1115 405 1198 sit,
423 1122 482 1183 aut
501 1113 706 1203 arrogantia
725 1111 875 1204 speciem
894 1112 1061 1204 prabeat3
1081 1120 1175 1181 vetet
1198 1111 1263 1180 sibi
1287 1121 1417 1182 statuas

348 1231 431 1323 poni
451 1236 485 1314 ’ς
504 1237 673 1322 potestate
693 1251 872 1320 nunquam
887 1228 1059 1311 abutatur,
1074 1217 1168 1298 'neve
1188 1251 1265 1298 eam
1285 1229 1418 1322 aliquid

349 1347 546 1416 detrimenti
575 1346 729 1437 accipere
749 1345 933 1429 existimet,
961 1344 1125 1414 siminus
1145 1346 1293 1416 voluerit
1311 1371 1418 1439 quam

348 1464 501 1556 potuerit
521 1474 554 1547 ’ς
578 1463 673 1532 omni
697 1462 858 1554 superbia
882 1470 916 1530 et
938 1461 1077 1530 fastidio
1102 1462 1271 1532 abstineat
1286 1465 1320 1546 ‘;
1343 1464 1417 1534 (3ae-

346 1580 433 1648 saris
449 1588 507 1647 aut
521 1578 739 1670 imperatoris
750 1579 887 1647 autolio
899 1578 1071 1670 ejusmodi
1081 1578 1222 1648 nomine
1234 1588 1417 1650 contentus

348 1695 562 1778 dominetur3
585 1695 696 1787 ipsam
720 1694 870 1787 denique
898 1695 1031 1784 regiam
1055 1703 1271 1787 potestatem,
1302 1705 1419 1766 amota

345 1812 444 1882 verbi
478 1811 625 1895 invidia,
650 1812 853 1904 possideat⁵
876 1835 883 1880 :
908 1841 924 1876 »
955 1812 1004 1880 sic
1033 1812 1126 1880 enim
1150 1812 1242 1905 apud
1268 1812 1418 1883 Dionem

347 1929 544 2001 Maecenatis
559 1928 668 1997 oratio
689 1928 916 1997 concluditur.
930 1928 1103 2011 Quoniam
1117 1937 1233 1998 autem
1248 1929 1326 2012 Dio,
1344 1928 1417 1999 haec

349 2045 466 2114 omnia
479 2045 676 2114 Maecenatis
696 2045 785 2113 diota
804 2045 970 2129 referens,
993 2046 1021 2113 si
1040 2051 1112 2116 nen
1135 2046 1210 2137 ipsa
1230 2046 1337 2114 verba
1355 2069 1416 2116 ex-

347 2162 483 2255 pressit,
496 2162 618 2230 sultem
632 2184 701 2253 quo
712 2162 908 2230 Maecenatis
919 2162 1064 2230 consilia
1076 2162 1264 2230 reciderint
1273 2163 1415 2232 omnino

342 2278 568 2368 significavit,
584 2301 656 2348 non
680 2279 826 2348 dubium
843 2287 903 2360 ¹est
925 2279 1010 2371 quin
1030 2279 1073 2347 ad
1092 2279 1128 2348 id
1147 2279 1316 2348 Macenas
1336 2303 1417 2349 auc-

347 2395 532 2478 toritatem,
556 2419 624 2488 qna
639 2396 731 2487 apud
749 2394 947 2484 Augustum
966 2395 1184 2487 praevalebat,
1207 2395 1414 2479 adbibuerit,

346 2521 385 2581 ut
404 2535 480 2582 eam
502 2513 623 2582 civitas
642 2512 790 2581 formam
805 2512 977 2595 indueret,
1000 2511 1141 2580 dubiam
1159 2512 1301 2604 quidem
1320 2521 1355 2582 et
1369 2513 1416 2582 si-

345 2627 536 2696 mulatione
559 2628 808 2721 fraudibusque
831 2629 983 2720 plenam,
1009 2651 1079 2720 qua
1104 2629 1225 2720 priscae
1248 2629 1416 2698 libertatis

346 2745 477 2838 species
496 2753 702 2824 servaretur,
724 2745 838 2837 reipsa
853 2746 896 2814 ad
914 2746 1024 2814 unius·
1034 2745 1216 2815 arbitrium
1230 2754 1352 2815 cuncta
1366 2769 1417 2816 re·

346 2870 511 2962 gerentur
532 2883 540 2930 t
562 2861 654 2930 unde
681 2862 830 2930 multum
849 2862 993 2954 periculi
1012 2872 1091 2955 post
1108 2863 1306 2955 Augustum
1324 2864 1415 2934 mul·

345 2988 459 3071 taque
487 2978 696 3047 calamitates
718 2979 836 3068 generi
863 2978 1016 3049 humano
1053 2987 1179 3049 coortae
1217 2989 1314 3063 sunt,
1350 2981 1415 3072 ipsi

346 3104 463 3166 autem
481 3096 639 3186 Augusto
655 3095 761 3186 longa
776 3104 809 3164 et
829 3103 902 3164 tuta
921 3096 1058 3189 imperii
1076 3097 1249 3188 possessio
1268 3096 1345 3165 fuit

412 3212 453 3280 In
472 3211 538 3280 hoc
551 3233 633 3280 vero
649 3212 817 3281 Maecenss
832 3212 874 3281 de
890 3235 1017 3302 genere
1032 3213 1184 3284 humano
1209 3238 1280 3284 non
1298 3215 1415 3283 minus

348 3349 452 3420 quam
468 3327 509 3395 de
523 3327 682 3416 Augusto
703 3328 954 3398 benemeritus
976 3339 1038 3413 est,
1061 3332 1156 3422 quod
1179 3353 1259 3402 eum
1282 3332 1325 3400 ad
1345 3333 1414 3402 cle-

347 3442 513 3514 mentiam
542 3452 575 3512 et
611 3444 790 3513 lenitatem
827 3444 1003 3516 adhortari
1040 3470 1111 3515 nou
1148 3447 1260 3517 desiit.
1296 3447 1415 3531 Quod·

348 3560 489 3652 quidem
508 3559 665 3652 pluribus
691 3569 725 3630 et
749 3562 950 3633 certissimis
976 3563 1184 3634 testimoniis
1208 3564 1412 3634 declaratur.

396 3850 419 3897 t.
438 3846 495 3906 nio,
512 3846 565 3907 Lll,
582 3849 621 3896 20.

395 3929 418 3977 2.
437 3925 569 3985 1hid.,3s.

395 4007 420 4055 3.
438 4004 517 4065 thid,
528 4007 567 4058 38.

395 4087 418 4136 l.
436 4085 566 4144 1hid.,³9.
635 4092 645 4097 ”

397 4165 420 4214 5.
438 4163 514 4222 thid,
530 4166 569 4216 4⁰.
