3130 5064
646 497 844 554 -bb-.

249 619 373 714 Atqui
393 618 642 712 rempublicam
665 641 772 712 penes
790 641 900 692 nuum
919 619 1146 694 Octavianum
1173 639 1276 694 esse·
1360 594 1368 611 ⁸

184 761 275 830 aegre
293 737 462 820 terebant,
484 759 594 830 quum
620 745 737 829 aperte
760 759 957 830 repugnare
981 739 1179 832 nequirent,
1204 739 1249 810 ad

183 863 332 924 secretas
359 853 616 945 conjurationes
639 853 871 944 confugerunt
891 863 915 924 ¹.
937 857 1032 926 Inter
1049 879 1136 948 ques
1154 857 1250 931 nulls

181 972 293 1062 megia
307 969 534 1040 formidoloso
551 970 619 1040 fuit
636 994 741 1062 quem
760 995 837 1064 quse
862 996 881 1040 e
900 973 945 1042 Μ.
964 973 1109 1064 Lepido,
1131 975 1250 1046 trium·

181 1089 246 1158 viri
275 1088 361 1171 lilio,
381 1088 466 1156 dum
485 1087 693 1158 Octavianus
716 1089 881 1158 adversus
903 1089 1096 1160 Antonium
1118 1090 1249 1162 bellum
1315 1135 1320 1149 .

184 1206 338 1296 gerebat,
355 1205 518 1287 initaest.
535 1205 714 1276 Gestiebat
732 1205 976 1298 enimjuvenis
992 1215 1026 1276 et
1043 1215 1250 1299 potestatem

180 1323 362 1392 triumviro
393 1323 482 1414 petri
511 1331 666 1414 ereptam
693 1323 758 1393 eibi
790 1324 984 1408 vindicare,
1019 1333 1055 1393 et
1084 1325 1248 1396 avunculi

181 1439 280 1509 Bruti
299 1447 449 1508 mortem
471 1439 601 1508 ulcisci.
629 1440 769 1510 Molitus
789 1450 842 1510 est
864 1441 970 1531 igitur
994 1441 1179 1524 Caesarem,
1200 1442 1249 1510 si-

180 1557 254 1626 m'ul
273 1557 310 1625 in
332 1557 462 1626 Urbem
489 1557 704 1640 revertisset,
729 1558 935 1628 interficere.
959 1558 1060 1642 Quod
1079 1582 1123 1628 ne
1138 1567 1249 1651 patra·

181 1682 293 1757 retur,
328 1673 524 1742 Maecenatis
547 1673 727 1763 vigilantis
749 1675 940 1766 provisum.
960 1676 1070 1758 Nem,
1100 1686 1139 1746 ut
1165 1676 1249 1769 ipsis

181 1789 308 1861 Velleii
336 1790 509 1859 Paterculi
528 1791 642 1860 verbis
665 1799 755 1873 utar,
781 1819 797 1854 «
824 1792 880 1862 bie
899 1793 1095 1885 speculetur
1118 1801 1170 1862 est
1187 1815 1250 1884 per

182 1928 353 1977 summam
372 1907 526 2000 quietem
551 1932 590 1977 ac
613 1907 925 1978 dissimulationem
952 1907 1138 2002 praecipitis
1165 1933 1248 1982 con·
1345 1967 1347 1969 -

181 2025 258 2094 silis
269 2025 421 2118 juvenis,
438 2033 473 2094 st
485 2025 575 2094 mira
594 2025 768 2095 eeleritate
787 2026 952 2118 nullaque
971 2050 1050 2096 cum
1073 2027 1250 2119 perturba·

179 2142 274 2212 tione
298 2151 358 2212 aut
381 2163 500 2212 rerum
521 2152 581 2212 eut
598 2143 780 2212 hominum
808 2165 973 2235 oppresso
995 2143 1148 2236 Lepide,
1174 2144 1247 2222 ,imss

144 2267 147 2274 '
177 2283 280 2330 ruane
312 2261 394 2330 novi
423 2284 462 2328 oc
489 2259 701 2329 renascentis
730 2259 813 2330 belli
842 2259 953 2329 civilis
985 2260 1147 2332 restinxit
1177 2260 1246 2342 ini-

177 2378 265 2447 tium
282 2381 306 2446 ².
326 2377 441 2446 »Fuit
459 2376 552 2446 enim
571 2378 752 2459 Maecenas,
770 2376 893 2446 eodem
912 2377 1093 2445 Paterculo
1114 2377 1244 2469 judice,
1275 2375 1277 2382 '

179 2494 282 2577 «vir,
307 2493 367 2563 ubi
399 2516 456 2562 res
488 2493 704 2582 vigilantiam
737 2492 909 2583 exigeret,
940 2515 1023 2562 sane
1054 2494 1243 2578 exsomnis,

176 2611 344 2704 providus
367 2619 470 2704 atque
483 2610 617 2700 agendi
637 2610 766 2694 sciens;
791 2609 896 2681 simul
920 2617 1035 2680 eutem
1054 2610 1186 2703 aliquid
1201 2634 1245 2680 ex

175 2728 318 2818 negotio
338 2727 466 2798 remitti
485 2736 614 2821 posset,
637 2727 707 2796 otio
730 2751 769 2796 ee
794 2727 951 2798 mollitiis
970 2751 1069 2820 pene
1089 2728 1179 2798 ultra
1197 2727 1244 2796 le·

173 2844 307 2913 minam
334 2844 447 2913 fluens
471 2850 493 2912 ³.
522 2873 539 2908 u
569 2845 650 2913 Non
677 2844 737 2912 illo
757 2844 843 2927 otiu,
874 2867 946 2914 non
968 2843 1128 2914 mollitiis
1154 2866 1241 2936 quas

176 2961 293 3044 multi,
329 2960 461 3030 Seneca
492 2961 695 3053 inprimis,
724 2960 1029 3031 vehementissime
1061 2961 1241 3030 Maecenati

175 3078 483 3170 exprobraverunt,
506 3086 566 3146 eut
588 3077 768 3167 diligentie
794 3076 869 3168 ejus
897 3077 1161 3166 refrigescebat,
1184 3086 1243 3146 aut

174 3193 345 3263 industria
364 3194 619 3283 languescebet.
650 3193 706 3264 Ad
733 3193 918 3284 segnitiem
951 3193 1028 3286 quis
1057 3191 1242 3262 crediderit

174 3334 254 3381 eum
268 3310 381 3380 virum
396 3333 552 3404 unquam
571 3311 802 3395 descendisse,
819 3311 874 3380 cui
888 3319 1091 3408 perpetuam
1110 3310 1242 3380 febrem

173 3427 279 3496 luisse
299 3434 334 3495 et
360 3427 509 3496 triennio
532 3451 694 3520 supremo
719 3427 815 3496 nullo
836 3428 929 3497 horae
949 3435 1126 3497 momento
1148 3451 1241 3496 som-

174 3565 258 3614 num
290 3544 478 3634 contigisse
512 3544 648 3614 Plinius
684 3545 785 3614 docet
802 3548 839 3614 ⁸?
876 3545 1035 3638 Speciem
1075 3543 1241 3614 duntaxat

175 3660 331 3750 segnitie
345 3661 515 3730 Maecenas
528 3685 599 3754 pree
615 3683 651 3730 se
662 3661 806 3746 ferebat,
820 3685 888 3753 que
904 3662 1106 3730 acerrimam
1118 3669 1151 3730 et
1160 3669 1241 3764 stre-

221 3897 244 3944 l.
261 3895 334 3954 Sem,
349 3893 485 3944 dedecuit.
499 3895 554 3956 stt,
570 3897 592 3944 5.

221 3977 244 4024 2.
257 3973 324 4024 Vell.
340 3973 452 4034 Petere,
465 3975 504 4025 88.

219 4056 242 4102 3,
257 4053 324 4104 lbid.

220 4136 242 4184 l.
259 4134 324 4184 trist.
343 4137 408 4194 unt,
422 4137 476 4196 Vll,
491 4139 519 4187 52
536 4137 594 4200 (tt).
