3130 5064
621 571 656 584 ..
675 545 709 599 69
730 570 763 585 ..

161 665 309 736 Romani
327 665 514 758 provinciae
534 664 632 736 dictae
652 674 732 735 sunt
753 675 777 749 ¹,
803 664 971 736 Maecenas
989 665 1226 760 loquit11r3ni-

161 782 209 850 hil
228 781 270 851 de
293 781 581 874 publicandorum
605 791 744 852 senatus
765 792 921 852 actorum
939 782 1172 874 prohibitione
1193 789 1223 867 ¹;

160 897 248 968 nihil
260 900 302 968 de
318 899 502 988 adimendo
519 900 735 968 senatoribus
746 899 823 991 jure
835 907 931 968 extre
945 899 1077 968 ltaliam
1093 897 1226 990 injussu

160 1015 326 1107 principis
340 1014 586 1107 progrediendi
604 1015 628 1084 ³.
646 1016 737 1098 Quid
753 1024 804 1084 est
814 1015 920 1106 igitur
935 1039 994 1084 cur
1008 1015 1146 1084 Cassius
1159 1014 1225 1084 Dio

162 1131 229 1200 elia
243 1131 336 1215 huic,
350 1155 454 1224 quam
465 1133 605 1201 finxisse
614 1140 766 1225 putatur,
781 1133 929 1202 orationi
944 1131 1140 1214 intexuerit,
1158 1131 1226 1200 alia

107 1339 114 1352 .
162 1248 329 1331 omiserit,
359 1248 426 1317 nisi
457 1249 550 1341 quod
579 1271 699 1318 eorum
727 1273 803 1341 quae
831 1249 979 1317 intexuit
1005 1249 1227 1334 Maecenatem

162 1373 339 1433 erratorem
362 1365 480 1448 luisse,
506 1388 628 1435 eorum
646 1374 762 1434 autem
784 1389 860 1458 quae
882 1365 998 1435 omisit
1015 1387 1087 1434 non
1103 1365 1223 1451 fuisse,

161 1485 392 1572 cognoverat?

202 1649 205 1653 -
228 1600 359 1670 Verum
378 1599 415 1667 id
429 1620 568 1692 quoque
588 1597 808 1668 contenditur
827 1599 918 1692 apud
936 1599 1085 1669 Dionem
1108 1597 1225 1669 eMae'-

162 1724 281 1784 cenete
306 1716 465 1809 quaedem
488 1717 638 1799 suaderi,
664 1739 740 1808 quae
769 1740 872 1785 nemo
902 1716 1097 1786 Maecenatis
1124 1723 1225 1784 aetete

161 1833 218 1901 uel
242 1833 393 1920 cogitare
416 1833 568 1924 potuerit
593 1856 601 1901 :
628 1833 721 1924 qued
749 1833 809 1924 qui
839 1834 1062 1925 comprobare
1089 1831 1222 1914 volunt,

162 1949 248 2018 illud
259 1948 405 2017 afferunt
416 1949 611 2031 consilium,
624 1958 682 2018 aut
696 1950 811 2041 potius
826 1945 958 2033 votum,
972 1972 1040 2043 quo
1056 1949 1225 2017 Maecenus

162 2074 201 2135 ut
219 2087 340 2134 ornnes
360 2065 459 2134 liberi
477 2066 556 2147 viri,
581 2074 752 2158 quotquot
770 2066 893 2135 sintin
909 2065 1069 2158 imperio,
1090 2063 1226 2133 civitate

162 2182 336 2251 donentur
355 2191 511 2275 exoptst3
534 2183 593 2251 ubi
610 2182 653 2251 ed
672 2182 936 2251 celeberrimum
952 2181 1138 2251 Caracallus
1156 2201 1227 2248 res-

163 2299 322 2391 criptum,
348 2322 417 2391 quo
439 2297 475 2366 id
499 2298 587 2366 effici
606 2299 750 2382 viderat,
773 2299 837 2367 Dio
868 2299 1006 2368 Cassius
1034 2297 1226 2390 respexisse

162 2414 288 2483 dicitur
304 2415 328 2482 ’ἃ
348 2415 416 2484 Sed
436 2415 529 2507 quod
551 2415 594 2484 de
614 2438 650 2483 re
675 2415 871 2484 nummaria
889 2439 908 2483 e
927 2415 1113 2484 Maeeenate
1129 2437 1227 2483 exco-

161 2531 308 2620 gitatum
336 2531 530 2614 retulimus,
561 2531 639 2624 quis
669 2531 874 2602 credidisset
898 2553 1108 2625 quemquam
1136 2531 1227 2600 inter
1311 2537 1323 2552 ‘

161 2648 357 2718 Maecenetis
372 2649 527 2740 aquales
551 2645 668 2716 animo
692 2650 823 2739 fingere
847 2649 1022 2742 potuisse?
1046 2647 1085 2717 ld
1109 2657 1227 2739 tumen

160 2772 234 2834 erat
249 2764 343 2857 qued
358 2787 471 2857 neque
487 2790 507 2833 a
521 2765 706 2849 Carseolis,
720 2789 833 2859 neque
844 2767 886 2834 ab
901 2766 972 2834 ullo
989 2766 1056 2835 ulio
1072 2765 1228 2858 principe

160 2881 290 2950 fectum
309 2881 447 2950 Cassius
460 2882 525 2951 Dio
547 2879 691 2952 videret
714 2883 788 2950 Imo
812 2905 894 2950 vero
914 2882 1000 2950 illud
1028 2881 1227 2952 decivitate

161 2997 224 3066 toti
249 3005 418 3066 terrerum
442 2998 516 3067 orbi
540 2997 719 3087 largienda
743 2998 888 3080 dictum,
922 2997 1050 3080 minus,
1085 3006 1125 3065 ut
1153 2998 1228 3089 opi-

164 3137 241 3198 nor,
266 3115 449 3198 mirabere,
475 3115 503 3183 si
531 3122 680 3207 quantus
699 3113 773 3206 jam
798 3123 872 3183 tum
894 3123 984 3182 esset
1007 3113 1134 3182 civium
1162 3113 1229 3182 Ro-

164 3253 349 3300 manorum
367 3253 533 3300 numerus
552 3229 842 3314 consideraveris3
861 3230 921 3323 qui
936 3253 997 3322 per
1012 3229 1101 3298 bella
1115 3229 1230 3300 civilio

164 3348 251 3419 adeo
267 3357 431 3431 creverat,
453 3357 492 3417 ut
510 3371 591 3417 eum
615 3371 723 3440 prope
740 3348 853 3416 decies
872 3347 1039 3440 majorem
1058 3348 1229 3418 Maecenas

163 3465 290 3535 viderit
311 3467 415 3556 quem
436 3473 537 3535 antee
556 3466 668 3535 fuerat
684 3467 707 3533 ⁵.
727 3465 818 3548 Qru'd
836 3465 943 3555 igitur
960 3465 1089 3534 mirum
1107 3464 1230 3556 siquis

213 3695 234 3742 l.
251 3691 308 3752 Dio,
324 3692 390 3753 Llll,
406 3693 444 3743 12.
460 3719 490 3730 -·
506 3693 578 3743 Suet.
593 3693 647 3742 Oct.
666 3690 741 3757 Aua,
753 3694 793 3745 47.

212 3775 237 3823 2.
253 3772 336 3834 Suet,
352 3773 493 3838 ousta,
512 3775 551 3825 36.
678 3803 685 3816 ·

212 3856 235 3904 ³.
252 3855 322 3914 Tau,
336 3853 404 3904 dnn.
416 3854 472 3915 ΧΗ,
487 3857 525 3905 23.
543 3880 572 3892 -·
582 3855 641 3918 Dio,
656 3855 708 3916 Lll,
724 3857 763 3906 tr.

212 3935 236 3984 l.
250 3934 345 3999 Egger,
356 3949 397 3998 ορ.
412 3934 494 3995 laud,
507 3949 626 4000 cap.v1n,
641 3951 668 4001 p.
680 3939 735 3988 291.

214 4016 238 4065 5.
253 4014 291 4064 De
302 4014 354 4064 hoo
372 4013 424 4064 vid.
439 4015 585 4066 Ezechielis
601 4017 756 4081 Spsnhemii
766 4015 841 4066 Orbis
854 4017 990 4077 limnaeus,
1004 4029 1046 4066 sco
1060 4015 1097 4064 ud
1106 4015 1233 4065 Constitu·

171 4094 265 4144 tionem
275 4093 400 4144 Antonini
411 4095 576 4160 temeratoris
587 4097 779 4148 exercitationes
789 4096 854 4156 due,
865 4097 1012 4160 prasertim
1024 4109 1047 4146 o.
1058 4111 1110 4157 rur,
1121 4109 1172 4157 xrs,
1187 4107 1231 4146 κν.

168 4201 198 4210 -
213 4175 483 4238 Dureau-Delemslle,
499 4191 542 4241 op.
557 4178 629 4228 laud.
