3130 5064
809 591 842 610 ...
862 568 896 624 an
915 593 951 610 ..

346 689 512 759 Maecenas
536 697 651 758 tuetur
674 689 729 758 cni
754 689 1052 782 obtemperaturus
1079 690 1257 778 Augrrstus
1281 700 1358 760 eret
1382 693 1409 760 ¹..

344 807 416 874 Nec
435 806 772 898 ignorat2quisquam
787 829 807 874 a
822 805 1020 889 Maecenate,
1037 805 1065 873 si
1086 805 1191 874 Dioni
1210 807 1410 891 credideris,
1509 795 1515 812 ¹
1552 803 1553 818 ¹

344 929 426 991 tunc
449 921 601 990 habitam
624 943 700 992 esse
722 919 963 1012 longissimam
988 922 1193 1006 cretionem,
1215 947 1285 1015 qua
1303 945 1412 1015 prope

344 1046 416 1106 tote
434 1035 541 1107 laturi
556 1039 692 1132 imperii
707 1039 796 1108 ratio
810 1039 1017 1108 continetur.
1036 1038 1127 1121 Quid
1141 1039 1177 1106 in
1197 1063 1237 1107 ee
1254 1041 1412 1109 oratione

346 1153 388 1222 ab
398 1153 472 1246 ipso
493 1155 678 1225 Maecenate
694 1155 824 1224 dictum
839 1177 914 1224 esse
924 1155 1050 1247 possit,
1067 1156 1151 1247 quid
1163 1177 1243 1226 vero
1256 1153 1413 1228 fictuma

344 1270 456 1340 Dione
475 1271 591 1356 fucrit,
608 1272 682 1363 jam
700 1271 865 1361 indagare
881 1271 1069 1363 plurimum
1089 1271 1244 1341 interest.

411 1387 461 1456 Ac
479 1388 644 1481 primum,
669 1388 897 1458 Octavianum
920 1389 1100 1472 Cesarem,
1117 1398 1301 1482 postquem
1321 1412 1412 1458 sum·

344 1526 437 1572 mam
461 1512 669 1596 potestatem
693 1506 788 1574 solus
816 1503 1015 1588 obtinuerit,
1048 1504 1090 1574 de
1118 1505 1233 1576 futuro
1262 1505 1411 1576 civitatis

344 1628 435 1689 statu
444 1621 593 1690 multam
608 1621 830 1704 dubitavisse,
845 1631 947 1714 atque
963 1620 1067 1692 etiem
1082 1644 1126 1689 an
1154 1621 1339 1713 imperium
1354 1622 1410 1691 de-

343 1745 490 1828 poneret
518 1737 703 1831 ancipitem
727 1737 879 1822 beaisse,
901 1761 973 1808 noa
992 1747 1063 1806 tam
1081 1739 1207 1811 feteam
1230 1738 1331 1814 nobis
1349 1739 1409 1809 vi-

343 1853 445 1924 detur
459 1877 564 1946 quom
582 1854 739 1946 plerique
762 1863 991 1946 putaveruute
1004 1855 1080 1937 Qua
1102 1855 1145 1924 de
1163 1878 1200 1924 re
1216 1877 1325 1947 quom
1342 1855 1410 1930 Dio

343 1969 599 2062 Suetoniueque
623 1980 658 2039 ct
681 1970 812 2040 Seneca
839 1975 850 2012 ²
877 1969 1106 2054 consentiant,
1127 1993 1199 2040 non
1221 1971 1322 2043 video
1350 1995 1411 2042 cur

341 2109 405 2156 nos
418 2086 544 2178 triplex
559 2086 645 2154 illud
664 2087 901 2158 testimonium
915 2109 977 2178 pne
989 2086 1103 2156 nihilo
1123 2085 1341 2163 haberemus.
1364 2127 1409 2140 -

340 2203 481 2272 Atenim
500 2203 676 2272 simulavit
695 2203 903 2272 Octavianus
929 2226 965 2272 se
990 2211 1196 2294 potestatem
1229 2203 1404 2295 deponere

341 2320 442 2404 velle,
465 2343 570 2412 qoem
597 2321 748 2390 retinere
773 2320 999 2390 constitutam
1021 2320 1167 2390 omuino
1184 2319 1342 2391 habebat.
1362 2361 1409 2372 -

303 2516 308 2525 ,
341 2437 499 2530 Speciem
524 2437 665 2530 quidem
689 2437 904 2507 abstinentiae
926 2436 1117 2528 sepissime·
1136 2437 1314 2526 Augustas
1338 2459 1408 2528 prm

266 2599 269 2606 -
339 2577 378 2622 se
397 2554 477 2622 tulit
498 2577 505 2622 :
528 2562 656 2637 tamen,
673 2554 733 2645 qui
755 2575 887 2623 meram
901 2554 944 2622 de
963 2553 1026 2626 hae
1041 2576 1078 2622 re
1092 2552 1407 2626 dissimulationem

341 2669 378 2739 in
392 2693 433 2738 eo
449 2693 586 2761 semper
598 2670 706 2741 luisse
720 2669 944 2747 coartandum,
961 2669 1054 2739 haud
1069 2669 1139 2738 scio
1155 2693 1199 2738 an
1213 2679 1289 2760 quae
1303 2668 1408 2739 fuerit

341 2785 520 2868 (lateriani
543 2786 690 2870 indoles,
717 2786 802 2878 qaid
812 2773 1000 2878 cupiverit,
1025 2785 1110 2876 qnid
1129 2785 1293 2868 timorit,
1315 2785 1406 2856 male

339 2903 559 2995 perspiciant.
570 2903 756 2992 Flagrabet
775 2903 915 2994 quidem
926 2901 1112 2994 cupiditate
1126 2900 1305 2993 potestatis
1316 2924 1329 2985 3,
1346 2902 1408 2972 sad

338 3021 545 3090 meminerat
559 3021 650 3090 idem
664 3020 749 3091 Julii
765 3019 905 3090 deseris
921 3019 1081 3089 avunculi
1100 3018 1240 3101 cedem,
1261 3018 1306 3087 ad
1324 3041 1408 3110 pro·

339 3138 451 3230 priam
465 3139 739 3208 incolumitatem
753 3137 971 3229 respiciebat,
985 3145 1060 3206 tum
1069 3135 1404 3228 impetendiamore,

338 3263 414 3324 tum
432 3255 600 3346 pereundi
616 3264 716 3324 metu
730 3255 916 3324 districtus.
932 3253 1014 3324 Non
1029 3253 1236 3328 abstinentie
1254 3253 1404 3345 quedam

337 3380 400 3438 aut
418 3371 588 3440 modestia
601 3380 662 3440 eut
674 3371 813 3440 fastidio
829 3371 873 3438 ad
883 3369 1077 3440 exuendam
1090 3377 1295 3461 potestatam
1310 3369 1405 3440 incli-

335 3487 444 3556 nabat
463 3487 599 3557 ammas
616 3510 624 3557 ε
642 3487 883 3579 sedpossatnc
903 3487 1110 3557 eam'salvus
1124 3487 1272 3555 retinere
1287 3507 1404 3556 socom

341 3605 554 3698 anquirebat.
579 3604 630 3672 lle
649 3605 714 3674 hoc
738 3592 879 3672 demam
902 3603 990 3672 daos
1010 3601 1074 3670 sibi
1094 3601 1321 3670 amicissimos
1346 3602 1405 3671 ho·

340 3722 462 3807 mines,
486 3722 677 3815 Agrippam
696 3731 730 3792 et
753 3721 985 3802 Maecenatcm,
1008 3717 1184 3788 consultos
1203 3719 1341 3802 habuit;
1361 3719 1403 3787 de

339 3835 404 3910 hoc
428 3849 574 3932 uterque
599 3835 704 3912 verba
727 3835 819 3908 lecit.
841 3835 929 3908 Nam
948 3835 1133 3930 imparium
1153 3833 1227 3904 sine
1250 3834 1403 3928 periculo

385 4069 409 4200 d.
424 4065 483 4211 llid:
496 4068 553 4209 dib
568 4147 651 4208 Suet,
668 4146 722 4196 oe.
741 4145 818 4210 dun..
829 4146 874 4206 m,
891 4143 963 4205 Sem,
981 4143 1013 4193 de
1029 4141 1122 4193 brevit.
1133 4143 1191 4202 ott,
1207 4145 1230 4194 t.
1245 4141 1283 4194 Gi.
1298 4139 1404 4202 Donet,

342 4231 400 4281 Vita
418 4229 529 4294 Virqr'lii,
544 4229 609 4290 xlx,
620 4230 659 4278 78.
