3130 5064
780 505 923 562 ...5⁴-

267 650 272 661 ·
319 637 353 696 et
380 627 569 720 hospitium
594 628 685 697 ultro
715 627 917 698 offerentem
938 636 963 714 ¹,
985 627 1252 700 admemoriam
1280 631 1384 700 Pom·

318 744 388 837 peii
407 743 526 834 magni
541 744 822 830 exardescebant,
843 746 941 837 cnjus
957 747 1068 836 gloria
1088 747 1265 816 adeonon
1283 746 1386 816 Phar-

319 861 423 930 salica
442 861 538 930 clade
560 884 724 954 oppressa
743 871 827 946 erat,
859 873 896 932 ut
919 863 1030 955 major
1049 863 1287 957 excelsiorque
1301 863 1387 932 mul-

318 985 433 1046 torum
446 978 621 1046 mentibus
641 979 816 1048 obversari
830 979 1009 1050 videretur
1024 987 1048 1048 ¹.
1068 981 1211 1063 Quoties
1230 979 1336 1070 igitur
1349 980 1383 1048 in

266 1115 269 1122 ·
320 1094 490 1164 Siciliensi
505 1095 596 1164 bello
612 1095 801 1166 Octaviano
825 1119 880 1165 res
899 1097 989 1165 male
1009 1105 1170 1179 cesserat,
1201 1103 1304 1189 caput
1321 1105 1386 1164 sta-

319 1213 381 1281 tim
396 1208 609 1281 attollebant.
627 1213 726 1281 Adde
741 1213 778 1281 in
792 1213 930 1282 turbida
944 1222 1044 1283 aetate
1066 1222 1100 1282 et
1123 1213 1161 1282 in
1182 1213 1385 1306 frequentis·

320 1317 407 1396 sima
429 1329 515 1398 urbe
538 1329 754 1420 perditorum
775 1330 957 1399 hominum
977 1329 1076 1422 quasi
1092 1330 1288 1412 colluviem,
1310 1329 1381 1422 qui,

250 1527 254 1534 ¹
320 1467 489 1514 novarum
508 1467 626 1514 rerum
644 1469 781 1538 semper
795 1454 1008 1538 appetentes,
1026 1444 1069 1515 ad
1090 1446 1382 1529 tumultuandum,

320 1561 349 1630 si
368 1561 486 1630 tulerit
504 1562 650 1644 occasio,
672 1563 787 1630 statim
801 1562 1066 1650 conglobantur,
1088 1562 1240 1654 aliquem
1258 1562 1385 1631 furoris

321 1678 444 1747 ducem
462 1678 566 1748 modo
582 1678 766 1769 reperiant.
780 1677 943 1748 Attamen
958 1678 1092 1747 nullam
1105 1677 1211 1748 tuisse
1227 1678 1264 1747 in
1278 1679 1383 1762 Urbe,

320 1795 460 1864 absente
475 1795 677 1875 Octaviano,
699 1795 844 1887 alicujus
863 1795 1030 1864 momenti
1045 1795 1273 1864 rebellionem
1287 1794 1385 1864 vide·

318 1935 408 1996 mus,
430 1935 543 2005 neque
558 1913 649 1981 ultra
663 1913 867 2005 popularem
892 1913 1078 2005 quemdam
1097 1910 1274 1982 fremitum
1289 1921 1326 1981 et
1337 1913 1385 1981 ir-

318 2032 384 2098 rita
404 2030 584 2098 seditionis
600 2037 813 2098 tentamenta
831 2052 887 2098 res
900 2053 1056 2122 unquam
1079 2029 1256 2122 processit.
1284 2027 1384 2112 Quod

318 2147 379 2215 abs
394 2147 499 2242 dubio
515 2155 634 2216 contra
648 2147 819 2230 vertisset,
842 2147 908 2215 nisi
924 2148 1105 2230 lllaecenas,
1127 2169 1219 2215 nunc
1238 2145 1275 2214 in
1293 2146 1384 2215 Urbe

318 2263 361 2331 ab
385 2263 572 2332 Octaviano
597 2263 749 2347 relictus,
771 2287 864 2331 nunc
888 2263 1048 2346 Romam,
1069 2263 1181 2355 primo
1206 2261 1384 2331 concitate

316 2379 427 2474 plebis
442 2381 578 2464 nuntie,
595 2381 710 2450 statim
729 2403 921 2470 regressus,
942 2381 1121 2448 turbarum
1140 2379 1272 2448 semina
1295 2401 1386 2449 eom·

315 2499 508 2590 pressisset,
522 2507 556 2568 et
570 2500 669 2591 quasi
684 2498 896 2568 renascentis
907 2498 1087 2568 discordia
1098 2498 1190 2567 iaces
1201 2496 1385 2590 presentia

316 2616 543 2685 restinxisset.
580 2617 669 2684 Nam
702 2637 815 2708 neque
849 2616 994 2684 nimiam
1030 2615 1126 2684 illam
1165 2614 1385 2685 severitatem

316 2730 562 2825 pretendebat,
585 2756 654 2824 qua
677 2731 784 2801 animi
800 2731 873 2823 jam
893 2731 1056 2801 commoti
1074 2731 1315 2801 vehementius
1329 2731 1384 2800 in-

316 2850 526 2933 cenduntur;
548 2869 662 2942 neque
677 2871 797 2918 rursus
819 2849 855 2917 in
880 2848 1071 2917 faciliorem
1091 2848 1191 2916 illam
1205 2847 1385 2937 indulgen·

315 2966 411 3049 tiam,
440 2986 516 3059 quae
537 2965 627 3060 apud
656 2965 782 3056 vulgus
800 2966 1006 3058 plerumque
1023 2963 1176 3033 ludibrio
1191 2985 1267 3032 esse
1282 2964 1382 3046 solet,

315 3083 549 3152 delabebatur.
581 3083 711 3152 Notum
734 3104 855 3151 omnes
888 3081 1062 3150 habebant
1089 3101 1187 3163 eum,
1225 3079 1384 3172 quamvis

314 3199 390 3268 miti
411 3199 539 3282 animo,
557 3199 784 3268 nihilominus
800 3198 844 3267 ad
859 3197 1089 3279 saeviendum,
1112 3197 1140 3265 si
1161 3219 1217 3264 res
1235 3195 1385 3288 postula·

314 3324 378 3398 ret,
396 3323 555 3407 paratum
571 3339 658 3385 esse.
675 3317 820 3385 Necnon
836 3340 855 3384 a
874 3315 1058 3408 praecipuis
1077 3315 1256 3383 turbarum
1275 3313 1384 3382 lauto·

312 3417 409 3501 ribus
433 3454 553 3524 poenas
578 3432 753 3501 interdum
775 3433 902 3523 exegit,
925 3441 958 3502 et
977 3432 1114 3522 insigne
1137 3431 1384 3500 documentum

315 3547 495 3642 deditque
515 3549 765 3618 audacissimus
781 3550 928 3643 quisquo
948 3549 991 3618 ad
1014 3558 1147 3618 metum
1169 3547 1385 3638 redigeretur

314 3666 633 3759 coutumaciamque
649 3666 839 3764 deponeret
853 3669 878 3734 ³.

359 3917 381 3965 l.
397 3915 462 3980 App.
478 3916 540 3967 Bell.
557 3917 613 3978 civ,
624 3918 666 3979 IV,
682 3919 720 3970 36.

357 3999 381 4046 2.
397 3996 447 4056 ld.,
457 3997 487 4057 V,
502 3999 541 4048 99.
673 4027 682 4046 .

358 4079 381 4126 3.
396 4076 462 4140 App.
480 4077 545 4128 Bell.
561 4079 618 4141 civ,
632 4081 662 4138 V,
684 4082 737 4131 112.
756 4084 885 4142 Μαικῆναν
901 4081 990 4140 &attia
1005 4083 1028 4140 ἐς
1047 4079 1136 4145 Ρώμην
1152 4081 1255 4144 ἔπεμπε,
1273 4080 1315 4130 διὰ
1328 4079 1385 4137 τοὺς

310 4158 508 4222 νεωτερίζοντας·
525 4160 567 4209 καί
578 4177 642 4217 τινες
653 4167 847 4226 παρακινοῦντες
862 4163 1041 4216 ἐκολάσθησαν.
