3130 5064
798 499 938 552 ...56-

332 621 539 690 nuissimsm
566 621 673 691 animi
698 621 916 712 diligentiam
936 621 1127 712 obtegeret.
1149 621 1251 704 Quod
1273 622 1402 715 optime

334 735 546 808 intellexisse
564 739 702 808 videtur
717 739 937 808 acutissimus
955 739 1015 808 ille
1035 739 1235 810 animorum
1246 741 1402 831 spe'cula7

334 865 389 924 tor
412 879 451 923 ac
467 854 576 946 judex
596 855 698 924 Corn.
726 857 877 939 Tacitus,
903 855 1000 924 ineo
1021 856 1208 926 Annalium
1226 855 1315 926 libro
1343 856 1402 928 ubi

335 992 406 1040 non
430 971 545 1063 ipsum
568 971 711 1063 quidem
740 973 975 1056 Maecenatem,
1003 972 1065 1041 sed
1093 973 1272 1044 Mecenati
1294 995 1402 1044 eemu-

333 1091 463 1158 lantem
474 1089 583 1183 Grisp.
602 1091 806 1160 Sallustium
821 1090 995 1161 describit.
1013 1093 1204 1183 Postquam
1219 1091 1314 1162 enim
1329 1092 1402 1183 ejus

333 1207 465 1276 cultum
480 1215 514 1276 et
531 1208 721 1278 munditias
740 1208 1026 1301 diffluentemque
1040 1209 1163 1280 lunum
1177 1209 1323 1292 notauit,
1344 1210 1402 1280 illa

333 1321 500 1416 deinceps
514 1325 735 1416 persequitur
752 1348 759 1394 :
783 1353 800 1387 s
817 1325 966 1395 Suberat
978 1332 1100 1394 ‘mmen
1114 1324 1215 1413 vigor
1231 1324 1338 1398 enimi
1353 1323 1403 1394 in-

334 1441 496 1531 gentibus
510 1442 660 1532 nsgotiis
670 1465 744 1534 par,
761 1451 796 1510 et
810 1441 924 1510 acrior
938 1464 1007 1533 quo
1019 1463 1182 1510 somnum
1192 1448 1227 1510 ot
1241 1441 1402 1513 inertiam

332 1557 444 1647 magis
464 1559 659 1628 ostentabat
676 1566 698 1626 ¹.
719 1587 735 1622 »
757 1559 800 1626 Et
814 1581 854 1628 oa
879 1557 1020 1650 quidem
1043 1556 1228 1628 ostontstio
1245 1565 1318 1626 tum
1330 1581 1403 1628 rma·

332 1675 425 1744 xime
443 1675 646 1766 proficiebat
659 1698 768 1767 quum
782 1674 1043 1766 conjuratorum
1058 1673 1203 1744 consilia
1221 1675 1403 1766 exploratu<
1439 1763 1441 1770 y

333 1791 507 1860 deessent
530 1813 569 1860 ac
593 1791 884 1884 deprehendenda
906 1815 914 1860 :
939 1791 1017 1884 quis
1040 1791 1134 1860 enim
1157 1801 1228 1862 tam
1253 1791 1399 1863 delicato

333 1903 478 1992 homini,
492 1909 570 2000 quis
584 1937 600 1972 e
612 1909 779 1978 discincto
790 1911 801 1946 ²
812 1935 829 1972 »
843 1908 1036 1978 diffideret?
1049 1907 1213 2002 Aliquem
1223 1909 1400 1980 Maecenati

331 2021 440 2094 baisse
467 2024 615 2094 dixerim
643 2049 722 2098 cum
749 2026 876 2096 felibus
904 2024 1181 2109 similitudinem,
1210 2049 1289 2119 quse
1316 2043 1399 2096 nus·

332 2165 438 2234 quam
452 2142 563 2231 magis
577 2142 701 2231 vigiles
716 2152 797 2212 sunt
811 2152 870 2212 aut
884 2142 1028 2212 insidias
1037 2151 1160 2235 parant
1172 2165 1278 2234 quam
1292 2163 1400 2234 quum

330 2257 507 2348 languidis
534 2258 652 2328 ocellis
671 2283 710 2328 ao
731 2281 841 2352 prope
869 2259 994 2328 eleusis
1022 2258 1186 2329 videntur
1219 2258 1398 2330 obdormi-

334 2397 442 2446 scere.
1267 2445 1273 2456 ,

398 2492 571 2570 Ceterum,
593 2515 665 2562 non
683 2492 828 2562 Gaesaris
856 2500 992 2562 tantum
1016 2491 1119 2562 saluti
1143 2491 1399 2584 providendum

331 2618 406 2681 erat
427 2633 435 2679 :
455 2618 494 2678 ut
513 2610 642 2698 singuli
662 2631 802 2702 quoque
826 2608 919 2679 cives
944 2633 964 2678 a
985 2608 1165 2680 nocturnis
1180 2608 1315 2678 insidiis
1334 2609 1398 2678 tuti

334 2735 460 2810 essent,
477 2727 646 2796 Maecenas
661 2726 803 2795 curavit.
823 2725 923 2808 Quod
939 2726 982 2794 ab
995 2733 1135 2795 auctore
1149 2726 1276 2816 Eleqiee
1290 2713 1399 2794 inobi-

334 2857 405 2929 tum
423 2844 623 2926 Maecenatis,
645 2852 810 2934 tanquam
828 2842 992 2912 meritum
1010 2842 1103 2912 baud
1122 2842 1309 2926 mediocre,
1326 2842 1399 2934 plu·

333 2962 461 3030 rimum
475 2957 647 3030 laudatur.

581 3239 650 3289 Num
664 3237 713 3290 tibi
727 3251 782 3287 non
798 3239 870 3288 tutas
884 3237 945 3287 lecit
958 3237 987 3286 in
1001 3237 1071 3288 Urbe
1085 3237 1159 3288 vias?

488 3321 570 3370 Nocte
583 3319 634 3370 sub
649 3319 770 3378 obscura,
788 3318 888 3382 quiete
903 3317 1027 3380 spoliavit
1041 3320 1191 3368 amantem?

551 3399 614 3458 Quis
628 3395 715 3464 tetigit
723 3397 803 3458 ferro,
817 3395 910 3447 durior
919 3397 983 3462 ipsc,
994 3396 1064 3446 latus
1079 3397 1107 3446 ³?

397 3569 476 3660 Ipsa
504 3565 597 3634 enim
622 3565 771 3659 compita
792 3575 827 3634 et
853 3566 930 3649 viae,
961 3574 999 3634 ut
1026 3566 1231 3658 plerumque
1251 3567 1397 3636 turbidis

330 3681 543 3776 temporibus
572 3681 714 3766 eccidit,
744 3683 868 3750 infesta
887 3681 1080 3751 latronibus
1104 3691 1219 3764 erant,
1248 3704 1398 3775 quorum

331 3801 475 3872 audacie
494 3801 619 3892 saepius
639 3800 683 3869 ad
706 3801 818 3870 scelus
840 3809 875 3868 et
894 3799 1024 3868 caedem
1041 3808 1259 3892 pervenerat.
1281 3799 1398 3869 Novos

375 4004 398 4050 1.
414 4000 473 4049 Tac.
489 3998 567 4058 dnn,
583 3999 628 4058 lll,
644 4001 684 4048 30.

373 4081 398 4130 2.
417 4079 490 4139 Sem,
501 4093 542 4143 ep.
554 4081 609 4130 tlt.

373 4165 396 4212 3.
412 4161 442 4211 V.
457 4163 487 4212 28
498 4174 554 4226 sqq.
