3130 5064
642 553 783 608 ..31-

186 695 241 742 sus
256 675 387 743 acriore
403 674 446 742 ad
465 675 720 767 suscipiendam
739 675 977 758 offensionem,
995 684 1034 745 ut
1048 677 1245 744 adolescen-

185 799 233 858 tes
252 792 375 874 solent,
398 793 513 861 animo
534 814 622 874 esse,
644 793 820 862 excusavit
833 801 960 875 tamen,
979 792 1076 883 quasi
1096 815 1167 861 non
1185 817 1246 863 vo-

184 906 313 975 luntate
332 908 394 976 sed
417 932 532 978 errore
553 909 704 1001 quodam
728 917 762 976 et
784 907 927 976 fortuito
947 931 1028 976 casu
1046 908 1243 978 Brundusio

184 1024 366 1108 abfuisset;
391 1025 457 1117 ipsi
480 1011 562 1094 vero
591 1023 745 1094 Antonio
769 1023 894 1094 leniter
913 1023 1133 1116 exprobravit
1151 1025 1245 1116 quod

184 1141 361 1209 absentem
385 1140 613 1228 Octavianum
635 1140 804 1211 noluisset
826 1141 882 1210 vel
905 1141 1077 1208 tantulum
1104 1163 1245 1232 exspec-

183 1263 267 1338 tare,
295 1265 329 1324 et
354 1257 457 1349 paulo
478 1257 578 1324 citius
597 1258 750 1326 Athenas
769 1256 997 1349 repetivisset.
1020 1257 1109 1324 Tum
1124 1246 1257 1324 admo·'

183 1371 258 1448 nuit
272 1380 441 1462 quantum
457 1381 546 1441 esset
560 1373 596 1440 in
611 1373 768 1464 Pompeii
783 1373 936 1465 partibus
951 1372 1086 1440 roboris
1105 1381 1140 1440 et
1157 1371 1246 1464 peri-

184 1486 262 1569 culi,
287 1487 502 1580 dicendoque
522 1489 625 1556 etiam
649 1489 880 1580 amplificavit,
908 1497 942 1556 et
966 1489 1070 1556 fidem
1095 1488 1243 1579 denique

182 1601 263 1669 fecit
295 1603 382 1671 nihil
411 1603 596 1674 Octaviano
627 1604 810 1697 optabilius
840 1613 898 1674 aut
930 1629 1004 1674 esse
1033 1614 1092 1674 aut
1118 1604 1242 1689 videri,

183 1740 287 1808 quam
302 1726 340 1786 ut
354 1742 433 1787 oum
452 1721 604 1788 Antonio
621 1721 665 1789 ad
681 1744 900 1790 communem
914 1722 1094 1814 utriusque
1109 1723 1245 1791 hostem

184 1833 450 1925 opprimendum
478 1859 583 1904 naves
613 1846 647 1906 ot
680 1837 795 1929 copias
823 1839 1036 1906 consociaret
1063 1849 1097 1905 ¹.
1141 1839 1246 1906 Istius

183 1952 279 2022 modi
297 1955 487 2022 mendaciis
507 1964 541 2023 et
559 1955 776 2047 captionibus
794 1956 988 2048 permulsus
1014 1955 1187 2023 Antonius
1212 1963 1247 2022 et

183 2069 282 2158 quasi
302 2067 467 2154 irretitus,
493 2071 653 2162 deposuit
675 2071 901 2155 iracundiam,
923 2094 1052 2142 novum
1076 2071 1112 2138 in
1140 2071 1245 2139 Pom-

182 2185 301 2276 peium
320 2186 439 2254 odium
458 2187 619 2279 suscepit,
642 2210 677 2255 se
698 2186 848 2279 denique
867 2185 1041 2284 pollicitus
1061 2194 1113 2254 est
1132 2185 1244 2277 primo

181 2323 263 2370 vere
279 2303 467 2371 Tarentum
481 2304 682 2395 petiturum,
704 2303 796 2371 unde
816 2325 894 2370 cum
915 2301 1102 2371 Octaviano
1123 2301 1167 2368 ad
1183 2324 1245 2392 op·

182 2418 405 2509 pugnandam
426 2420 578 2488 Siciliam
597 2407 882 2512 proficisceretur.
904 2419 1068 2510 Aliquam
1087 2417 1244 2486 fraudem

183 2535 324 2604 subesse
345 2545 487 2607 eventus
508 2537 589 2604 satis
607 2534 823 2620 monstravit,
841 2536 914 2628 ipse
929 2558 1000 2604 non
1016 2533 1195 2603 sentiebat.
1300 2599 1302 2606 ,

250 2652 364 2734 Quum
375 2651 661 2742 igiturAntonius
669 2651 848 2746 promissis
859 2653 1019 2735 stetisset,
1031 2652 1243 2742 classemque

183 2767 372 2840 Tarentum
400 2769 645 2839 transmisisset
665 2775 691 2854 ⁹,
717 2768 944 2840 Octavianum
968 2767 1148 2837 admonuit
1175 2775 1244 2835 tre-

183 2895 299 2954 centas
315 2909 421 2954 naves
445 2885 492 2955 ibi
517 2909 591 2956 esse
612 2895 853 2975 congregatas,
880 2885 1157 2976 destinatumque
1177 2882 1246 2950 bel-

182 3002 255 3070 lum
270 3003 526 3095 quamprimum
543 3003 663 3072 eeufici
679 3026 793 3094 posse.
814 3002 862 3069 At
875 3001 945 3084 ille,
968 3023 1076 3092 quum
1095 3023 1169 3078 rem
1185 3021 1245 3066 ex·

184 3120 318 3188 trahere
337 3120 441 3189 vellet
460 3119 603 3212 diesque
625 3119 795 3212 prolatare
823 3126 857 3186 et
879 3116 1022 3185 Antonii
1045 3114 1245 3207 praesidium

183 3235 272 3304 clam
304 3234 774 3329 adsperna1·etur,hactenus
801 3229 995 3326 respondit,
1016 3240 1148 3301 mutata
1171 3253 1245 3299 esse

231 3457 254 3503 l.
270 3453 336 3516 App.
349 3453 413 3502 Bell.
429 3453 486 3514 riu,
501 3453 531 3510 V,
547 3455 586 3502 92.

230 3536 253 3582 2.
267 3534 362 3584 Narrat
382 3534 489 3597 quidem
512 3533 669 3599 Plutarchus
690 3533 734 3596 (In
752 3531 872 3593 Antonio,
887 3545 909 3582 c.
926 3530 971 3594 35)
996 3529 1142 3580 Antonium
1159 3531 1247 3596 Brun,

185 3612 292 3662 dasium
302 3613 422 3676 'primum
436 3613 551 3676 petiisse,
570 3626 641 3673 mox,
662 3612 805 3660 Brundusii
822 3610 916 3660 incolis
931 3610 1031 3659 aditum
1056 3612 1082 3658 et
1100 3609 1245 3673 hospitium

184 3691 373 3752 abnuentibus,
385 3693 527 3742 Tarentum
538 3705 594 3742 sese
610 3691 763 3742 contulisse.
778 3690 837 3750 Sed,
846 3690 964 3752 Appiano
979 3689 1245 3749 auctore,Tarentum

184 3770 317 3820 Antonius
338 3772 425 3820 statim
444 3772 546 3834 petivit.
573 3774 715 3839 Αρχομένου
735 3769 824 3836 δ’ἧρος,
840 3771 853 3818 ὁ
869 3771 910 3832 μὲν
940 3766 1068 3824 Ἀντώνιος
1092 3770 1115 3824 ἐξ
1140 3766 1245 3827 Ἀθηνῶν

184 3851 208 3908 ἐς
221 3853 435 3918 repausaturae
459 3855 532 3903 ναυσὶ
545 3853 707 3919 τριακοσίαις.
724 3849 797 3912 (App.
813 3848 878 3898 Bell.
891 3848 937 3896 cio.
947 3848 976 3907 V,
990 3847 1039 3910 93).
1053 3847 1155 3896 Erravit
1166 3847 1248 3910 igilur

184 3931 341 3982 Plutarchus
365 3935 391 3982 et
413 3933 447 3982 ad
470 3933 541 3982 hune
563 3943 665 3982 aunum
690 3934 735 3982 ur
761 3928 851 3978 retulit
877 3927 948 3990 quod
975 3926 1063 3990 reipsa
1085 3927 1119 3976 ad
1147 3940 1247 3976 annum

184 4015 228 4063 714
243 4014 386 4076 spectabat.
402 4014 478 4064 Anno
494 4014 564 4063 enirn
579 4016 632 4073 ili,
653 4014 683 4062 ut
702 4025 781 4075 supra
795 4008 1009 4068 memoravimus,
1033 4006 1148 4056 Antonio
1163 4008 1247 4059 arana

184 4093 281 4144 dusino
302 4098 380 4156 portu
405 4095 437 4143 ah
458 4093 553 4143 incolis
577 4094 746 4144 interdictum
766 4090 935 4140 lueratDure
960 4089 1068 4138 fuerunt
1084 4087 1191 4137 Antonii
1214 4089 1247 4138 ab

184 4174 297 4225 Athenis
306 4175 332 4223 in
345 4174 446 4225 Italiam
459 4175 651 4239 navigationes,
665 4187 730 4238 quos
742 4170 899 4223 Plutarchus
913 4169 1028 4220 miscuit.
