<?xml version="1.0" encoding="UTF-8"?>
<!DOCTYPE html PUBLIC "-//W3C//DTD XHTML 1.0 Transitional//EN"
    "http://www.w3.org/TR/xhtml1/DTD/xhtml1-transitional.dtd">
<html xmlns="http://www.w3.org/1999/xhtml" xml:lang="en" lang="en">
 <head>
  <title>
</title>
<meta http-equiv="Content-Type" content="text/html;charset=utf-8" />
  <meta name='ocr-system' content='tesseract 3.04.00' />
  <meta name='ocr-capabilities' content='ocr_page ocr_carea ocr_par ocr_line ocrx_word'/>
</head>
<body>
  <div class='ocr_page' id='page_1' title='image "./ccilniusmaecena00feuggoog_0082.png"; bbox 0 0 3130 5064; ppageno 0'>
   <div class='ocr_carea' id='block_1_1' title="bbox 189 530 1256 749">
    <p class='ocr_par' dir='ltr' id='par_1_1' title="bbox 189 530 1256 749">
     <span class='ocr_line' id='line_1_1' title="bbox 638 530 780 587; baseline -0.042 -7"><span class='ocrx_word' id='word_1_1' title='bbox 638 557 672 580; x_wconf 72' lang='grc'><strong>,-</strong></span> <span class='ocrx_word' id='word_1_2' title='bbox 691 530 727 587; x_wconf 76' lang='lat' dir='ltr'><strong>re</strong></span> <span class='ocrx_word' id='word_1_3' title='bbox 744 561 780 574; x_wconf 89' lang='lat'>-</span> 
     </span>
     <span class='ocr_line' id='line_1_2' title="bbox 189 615 1256 749; baseline -0.002 -19"><span class='ocrx_word' id='word_1_4' title='bbox 189 634 495 730; x_wconf 82' lang='lat' dir='ltr'><strong>Confitetruenim</strong></span> <span class='ocrx_word' id='word_1_5' title='bbox 508 655 650 749; x_wconf 87' lang='lat' dir='ltr'><strong>iniquus</strong></span> <span class='ocrx_word' id='word_1_6' title='bbox 666 656 863 726; x_wconf 77' lang='lat' dir='ltr'><strong>Maeenatis</strong></span> <span class='ocrx_word' id='word_1_7' title='bbox 882 657 991 748; x_wconf 85' lang='lat' dir='ltr'><strong>judex</strong></span> <span class='ocrx_word' id='word_1_8' title='bbox 1013 665 1047 726; x_wconf 93' lang='lat' dir='ltr'><strong>et</strong></span> <span class='ocrx_word' id='word_1_9' title='bbox 1067 615 1256 728; x_wconf 84' lang='lat' dir='ltr'><strong>maledicus</strong></span> 
     </span>
    </p>
   </div>
   <div class='ocr_carea' id='block_1_2' title="bbox 87 772 1254 858">
    <p class='ocr_par' dir='ltr' id='par_1_2' title="bbox 87 772 1254 858">
     <span class='ocr_line' id='line_1_3' title="bbox 87 772 1254 858; baseline -0.003 -13"><span class='ocrx_word' id='word_1_10' title='bbox 87 820 92 832; x_wconf 88' lang='lat'><strong>·</strong></span> <span class='ocrx_word' id='word_1_11' title='bbox 188 777 322 846; x_wconf 82' lang='lat' dir='ltr'><strong>Seneca</strong></span> <span class='ocrx_word' id='word_1_12' title='bbox 346 803 362 838; x_wconf 89' lang='lat'>«</span> <span class='ocrx_word' id='word_1_13' title='bbox 376 773 566 843; x_wconf 85' lang='lat' dir='ltr'><strong>maximam</strong></span> <span class='ocrx_word' id='word_1_14' title='bbox 588 772 727 842; x_wconf 89' lang='lat' dir='ltr'><strong>laudem</strong></span> <span class='ocrx_word' id='word_1_15' title='bbox 753 773 804 842; x_wconf 91' lang='grc'><strong>1111</strong></span> <span class='ocrx_word' id='word_1_16' title='bbox 827 773 933 842; x_wconf 89' lang='lat' dir='ltr'><strong>tribui</strong></span> <span class='ocrx_word' id='word_1_17' title='bbox 958 775 1254 858; x_wconf 84' lang='lat' dir='ltr'><strong>mansuetndinis;</strong></span> 
     </span>
    </p>
   </div>
   <div class='ocr_carea' id='block_1_3' title="bbox 188 889 1258 1323">
    <p class='ocr_par' dir='ltr' id='par_1_3' title="bbox 188 889 1258 1323">
     <span class='ocr_line' id='line_1_4' title="bbox 188 889 1258 985; baseline -0.003 -23"><span class='ocrx_word' id='word_1_18' title='bbox 188 891 385 985; x_wconf 71' lang='lat' dir='ltr'><strong>pepercisse</strong></span> <span class='ocrx_word' id='word_1_19' title='bbox 414 911 495 960; x_wconf 91' lang='lat' dir='ltr'><strong>eum</strong></span> <span class='ocrx_word' id='word_1_20' title='bbox 520 889 648 980; x_wconf 82' lang='lat' dir='ltr'><strong>gladio,</strong></span> <span class='ocrx_word' id='word_1_21' title='bbox 666 890 835 979; x_wconf 81' lang='lat' dir='ltr'><strong>sangnine</strong></span> <span class='ocrx_word' id='word_1_22' title='bbox 856 890 1062 959; x_wconf 80' lang='lat' dir='ltr'><strong>abstinuisse</strong></span> <span class='ocrx_word' id='word_1_23' title='bbox 1079 899 1103 958; x_wconf 88' lang='lat'><strong>¹.</strong></span> <span class='ocrx_word' id='word_1_24' title='bbox 1122 917 1139 954; x_wconf 78' lang='lat' dir='ltr'><strong>a</strong></span> <span class='ocrx_word' id='word_1_25' title='bbox 1160 891 1258 959; x_wconf 88' lang='lat' dir='ltr'><strong>Hane</strong></span> 
     </span>
     <span class='ocr_line' id='line_1_5' title="bbox 188 1006 1257 1101; baseline -0.001 -24"><span class='ocrx_word' id='word_1_26' title='bbox 188 1009 331 1101; x_wconf 88' lang='lat' dir='ltr'><strong>quidem</strong></span> <span class='ocrx_word' id='word_1_27' title='bbox 346 1008 456 1100; x_wconf 82' lang='lat' dir='ltr'><strong>ipsam</strong></span> <span class='ocrx_word' id='word_1_28' title='bbox 476 1007 615 1075; x_wconf 90' lang='lat' dir='ltr'><strong>laudem</strong></span> <span class='ocrx_word' id='word_1_29' title='bbox 641 1007 772 1074; x_wconf 79' lang='lat' dir='ltr'><strong>Seneca</strong></span> <span class='ocrx_word' id='word_1_30' title='bbox 791 1006 913 1089; x_wconf 88' lang='lat' dir='ltr'><strong>elevat,</strong></span> <span class='ocrx_word' id='word_1_31' title='bbox 935 1006 1064 1098; x_wconf 88' lang='lat' dir='ltr'><strong>quippe</strong></span> <span class='ocrx_word' id='word_1_32' title='bbox 1089 1006 1150 1098; x_wconf 89' lang='lat' dir='ltr'><strong>qni</strong></span> <span class='ocrx_word' id='word_1_33' title='bbox 1173 1007 1257 1076; x_wconf 71' lang='grc'><strong>116-</strong></span> 
     </span>
     <span class='ocr_line' id='line_1_6' title="bbox 188 1123 1253 1215; baseline -0.002 -21"><span class='ocrx_word' id='word_1_34' title='bbox 188 1125 319 1194; x_wconf 89' lang='lat' dir='ltr'><strong>oenatis</strong></span> <span class='ocrx_word' id='word_1_35' title='bbox 333 1125 511 1194; x_wconf 78' lang='lat' dir='ltr'><strong>lenitatem</strong></span> <span class='ocrx_word' id='word_1_36' title='bbox 530 1124 574 1192; x_wconf 89' lang='lat' dir='ltr'><strong>ad</strong></span> <span class='ocrx_word' id='word_1_37' title='bbox 593 1124 777 1213; x_wconf 81' lang='lat' dir='ltr'><strong>segnitiam</strong></span> <span class='ocrx_word' id='word_1_38' title='bbox 791 1123 1037 1215; x_wconf 76' lang='lat' dir='ltr'><strong>lasciviamque</strong></span> <span class='ocrx_word' id='word_1_39' title='bbox 1060 1123 1253 1207; x_wconf 81' lang='lat' dir='ltr'><strong>transferat,</strong></span> 
     </span>
     <span class='ocr_line' id='line_1_7' title="bbox 188 1239 1256 1323; baseline -0.004 -13"><span class='ocrx_word' id='word_1_40' title='bbox 188 1241 379 1310; x_wconf 89' lang='lat' dir='ltr'><strong>ct-mollem</strong></span> <span class='ocrx_word' id='word_1_41' title='bbox 392 1241 498 1309; x_wconf 84' lang='lat' dir='ltr'><strong>fuisse</strong></span> <span class='ocrx_word' id='word_1_42' title='bbox 515 1265 595 1310; x_wconf 89' lang='lat' dir='ltr'><strong>eum</strong></span> <span class='ocrx_word' id='word_1_43' title='bbox 605 1241 802 1322; x_wconf 88' lang='lat' dir='ltr'><strong>contendat,</strong></span> <span class='ocrx_word' id='word_1_44' title='bbox 819 1263 891 1309; x_wconf 91' lang='lat' dir='ltr'><strong>non</strong></span> <span class='ocrx_word' id='word_1_45' title='bbox 905 1239 1037 1308; x_wconf 89' lang='lat' dir='ltr'><strong>mitem.</strong></span> <span class='ocrx_word' id='word_1_46' title='bbox 1055 1239 1146 1323; x_wconf 85' lang='lat' dir='ltr'><strong>Quid</strong></span> <span class='ocrx_word' id='word_1_47' title='bbox 1158 1242 1256 1308; x_wconf 86' lang='lat' dir='ltr'><strong>vero?</strong></span> 
     </span>
    </p>
   </div>
   <div class='ocr_carea' id='block_1_4' title="bbox 188 1355 1255 1555">
    <p class='ocr_par' dir='ltr' id='par_1_4' title="bbox 188 1355 1255 1555">
     <span class='ocr_line' id='line_1_8' title="bbox 188 1355 1255 1449; baseline -0.004 -23"><span class='ocrx_word' id='word_1_48' title='bbox 188 1357 364 1426; x_wconf 90' lang='lat' dir='ltr'><strong>neminem</strong></span> <span class='ocrx_word' id='word_1_49' title='bbox 376 1379 438 1426; x_wconf 87' lang='lat' dir='ltr'><strong>sua</strong></span> <span class='ocrx_word' id='word_1_50' title='bbox 452 1365 552 1426; x_wconf 78' lang='lat' dir='ltr'><strong>aetate</strong></span> <span class='ocrx_word' id='word_1_51' title='bbox 568 1357 701 1426; x_wconf 82' lang='lat' dir='ltr'><strong>Seneca</strong></span> <span class='ocrx_word' id='word_1_52' title='bbox 713 1357 801 1426; x_wconf 90' lang='lat' dir='ltr'><strong>vidit</strong></span> <span class='ocrx_word' id='word_1_53' title='bbox 815 1356 874 1449; x_wconf 86' lang='lat' dir='ltr'><strong>qui</strong></span> <span class='ocrx_word' id='word_1_54' title='bbox 889 1356 1078 1448; x_wconf 76' lang='lat' dir='ltr'><strong>profundas</strong></span> <span class='ocrx_word' id='word_1_55' title='bbox 1093 1355 1255 1424; x_wconf 85' lang='lat' dir='ltr'><strong>libidines</strong></span> 
     </span>
     <span class='ocr_line' id='line_1_9' title="bbox 190 1462 1255 1555; baseline -0.002 -21"><span class='ocrx_word' id='word_1_56' title='bbox 190 1487 269 1534; x_wconf 89' lang='lat' dir='ltr'><strong>cum</strong></span> <span class='ocrx_word' id='word_1_57' title='bbox 296 1465 441 1532; x_wconf 90' lang='lat' dir='ltr'><strong>immani</strong></span> <span class='ocrx_word' id='word_1_58' title='bbox 466 1465 669 1533; x_wconf 85' lang='lat' dir='ltr'><strong>crudelitate</strong></span> <span class='ocrx_word' id='word_1_59' title='bbox 698 1463 936 1554; x_wconf 84' lang='lat' dir='ltr'><strong>conjungeret,</strong></span> <span class='ocrx_word' id='word_1_60' title='bbox 964 1463 1033 1555; x_wconf 83' lang='lat' dir='ltr'><strong>qui</strong></span> <span class='ocrx_word' id='word_1_61' title='bbox 1048 1486 1118 1532; x_wconf 90' lang='lat' dir='ltr'><strong>una</strong></span> <span class='ocrx_word' id='word_1_62' title='bbox 1140 1462 1255 1532; x_wconf 83' lang='lat' dir='ltr'><strong>mollis</strong></span> 
     </span>
    </p>
   </div>
   <div class='ocr_carea' id='block_1_5' title="bbox 172 1579 1260 3996">
    <p class='ocr_par' dir='ltr' id='par_1_5' title="bbox 172 1579 1260 3996">
     <span class='ocr_line' id='line_1_10' title="bbox 172 1579 1255 1672; baseline 0 -24"><span class='ocrx_word' id='word_1_63' title='bbox 172 1588 280 1650; x_wconf 87' lang='lat' dir='ltr'><strong>esset</strong></span> <span class='ocrx_word' id='word_1_64' title='bbox 299 1587 334 1648; x_wconf 92' lang='lat' dir='ltr'><strong>et</strong></span> <span class='ocrx_word' id='word_1_65' title='bbox 352 1580 517 1648; x_wconf 79' lang='lat' dir='ltr'><strong>immitis?</strong></span> <span class='ocrx_word' id='word_1_66' title='bbox 531 1581 652 1672; x_wconf 83' lang='lat' dir='ltr'><strong>Neque</strong></span> <span class='ocrx_word' id='word_1_67' title='bbox 668 1580 776 1670; x_wconf 83' lang='lat' dir='ltr'><strong>igitur</strong></span> <span class='ocrx_word' id='word_1_68' title='bbox 790 1603 830 1649; x_wconf 88' lang='lat' dir='ltr'><strong>ea</strong></span> <span class='ocrx_word' id='word_1_69' title='bbox 850 1579 991 1650; x_wconf 83' lang='lat' dir='ltr'><strong>Sanecae</strong></span> <span class='ocrx_word' id='word_1_70' title='bbox 1010 1579 1106 1649; x_wconf 88' lang='lat' dir='ltr'><strong>velut</strong></span> <span class='ocrx_word' id='word_1_71' title='bbox 1120 1601 1255 1650; x_wconf 81' lang='lat' dir='ltr'><strong>corree-</strong></span> 
     </span>
     <span class='ocr_line' id='line_1_11' title="bbox 189 1679 1257 1778; baseline 0.002 -16"><span class='ocrx_word' id='word_1_72' title='bbox 189 1694 285 1765; x_wconf 88' lang='lat' dir='ltr'><strong>tione</strong></span> <span class='ocrx_word' id='word_1_73' title='bbox 307 1695 456 1764; x_wconf 88' lang='lat' dir='ltr'><strong>multum</strong></span> <span class='ocrx_word' id='word_1_74' title='bbox 482 1695 651 1765; x_wconf 87' lang='lat' dir='ltr'><strong>minuitur</strong></span> <span class='ocrx_word' id='word_1_75' title='bbox 673 1696 749 1765; x_wconf 87' lang='lat' dir='ltr'><strong>laus</strong></span> <span class='ocrx_word' id='word_1_76' title='bbox 767 1696 827 1764; x_wconf 90' lang='grc'><strong>1116</strong></span> <span class='ocrx_word' id='word_1_77' title='bbox 849 1695 1138 1778; x_wconf 86' lang='lat' dir='ltr'><strong>mansuetudinis,</strong></span> <span class='ocrx_word' id='word_1_78' title='bbox 1168 1679 1203 1764; x_wconf 87' lang='lat' dir='ltr'><strong>et</strong></span> <span class='ocrx_word' id='word_1_79' title='bbox 1221 1696 1257 1765; x_wconf 89' lang='lat' dir='ltr'><strong>id</strong></span> 
     </span>
     <span class='ocr_line' id='line_1_12' title="bbox 190 1801 1258 1905; baseline 0.004 -27"><span class='ocrx_word' id='word_1_80' title='bbox 190 1811 381 1902; x_wconf 76' lang='lat' dir='ltr'><strong>praesertim</strong></span> <span class='ocrx_word' id='word_1_81' title='bbox 396 1811 589 1880; x_wconf 87' lang='lat' dir='ltr'><strong>notandum</strong></span> <span class='ocrx_word' id='word_1_82' title='bbox 603 1821 667 1895; x_wconf 89' lang='lat' dir='ltr'><strong>est,</strong></span> <span class='ocrx_word' id='word_1_83' title='bbox 687 1812 781 1905; x_wconf 89' lang='lat' dir='ltr'><strong>quod</strong></span> <span class='ocrx_word' id='word_1_84' title='bbox 796 1834 897 1903; x_wconf 86' lang='lat' dir='ltr'><strong>asper</strong></span> <span class='ocrx_word' id='word_1_85' title='bbox 911 1801 1108 1882; x_wconf 79' lang='lat' dir='ltr'><strong>Maecenatis</strong></span> <span class='ocrx_word' id='word_1_86' title='bbox 1123 1813 1258 1882; x_wconf 78' lang='lat' dir='ltr'><strong>obtrec-</strong></span> 
     </span>
     <span class='ocr_line' id='line_1_13' title="bbox 189 1927 1136 2020; baseline 0 -24"><span class='ocrx_word' id='word_1_87' title='bbox 189 1934 280 1996; x_wconf 88' lang='lat' dir='ltr'><strong>tator</strong></span> <span class='ocrx_word' id='word_1_88' title='bbox 298 1927 601 1996; x_wconf 88' lang='lat' dir='ltr'><strong>mansuetudinem</strong></span> <span class='ocrx_word' id='word_1_89' title='bbox 620 1928 694 2019; x_wconf 86' lang='lat' dir='ltr'><strong>ejus</strong></span> <span class='ocrx_word' id='word_1_90' title='bbox 709 1929 808 2020; x_wconf 87' lang='lat' dir='ltr'><strong>quasi</strong></span> <span class='ocrx_word' id='word_1_91' title='bbox 822 1928 952 1999; x_wconf 80' lang='lat' dir='ltr'><strong>invitus</strong></span> <span class='ocrx_word' id='word_1_92' title='bbox 971 1929 1136 1999; x_wconf 84' lang='lat' dir='ltr'><strong>laudavit.</strong></span> 
     </span>
     <span class='ocr_line' id='line_1_14' title="bbox 234 2043 1255 2137; baseline 0.005 -26"><span class='ocrx_word' id='word_1_93' title='bbox 234 2043 383 2124; x_wconf 87' lang='lat' dir='ltr'><strong>Etenim,</strong></span> <span class='ocrx_word' id='word_1_94' title='bbox 400 2053 630 2136; x_wconf 72' lang='lat' dir='ltr'><strong>praeterquam</strong></span> <span class='ocrx_word' id='word_1_95' title='bbox 650 2045 828 2137; x_wconf 86' lang='lat' dir='ltr'><strong>quoderat</strong></span> <span class='ocrx_word' id='word_1_96' title='bbox 844 2046 1255 2129; x_wconf 81' lang='lat' dir='ltr'><strong>Maeceuasnatnralenis‚</strong></span> 
     </span>
     <span class='ocr_line' id='line_1_15' title="bbox 192 2157 1256 2254; baseline 0.006 -28"><span class='ocrx_word' id='word_1_97' title='bbox 192 2157 279 2226; x_wconf 87' lang='lat' dir='ltr'><strong>nihil</strong></span> <span class='ocrx_word' id='word_1_98' title='bbox 299 2159 410 2248; x_wconf 83' lang='lat' dir='ltr'><strong>magis</strong></span> <span class='ocrx_word' id='word_1_99' title='bbox 435 2160 593 2250; x_wconf 80' lang='lat' dir='ltr'><strong>Augusto</strong></span> <span class='ocrx_word' id='word_1_100' title='bbox 620 2160 840 2252; x_wconf 79' lang='lat' dir='ltr'><strong>profuturum</strong></span> <span class='ocrx_word' id='word_1_101' title='bbox 864 2162 981 2245; x_wconf 85' lang='lat' dir='ltr'><strong>sensit,</strong></span> <span class='ocrx_word' id='word_1_102' title='bbox 1013 2162 1170 2254; x_wconf 88' lang='lat' dir='ltr'><strong>quamsi</strong></span> <span class='ocrx_word' id='word_1_103' title='bbox 1198 2161 1256 2232; x_wconf 90' lang='grc'><strong>1116</strong></span> 
     </span>
     <span class='ocr_line' id='line_1_16' title="bbox 194 2275 1257 2369; baseline 0.004 -27"><span class='ocrx_word' id='word_1_104' title='bbox 194 2275 348 2344; x_wconf 87' lang='lat' dir='ltr'><strong>clemens</strong></span> <span class='ocrx_word' id='word_1_105' title='bbox 368 2276 513 2346; x_wconf 88' lang='lat' dir='ltr'><strong>audiret.</strong></span> <span class='ocrx_word' id='word_1_106' title='bbox 536 2277 670 2369; x_wconf 87' lang='lat' dir='ltr'><strong>Quippe</strong></span> <span class='ocrx_word' id='word_1_107' title='bbox 683 2299 806 2368; x_wconf 88' lang='lat' dir='ltr'><strong>parum</strong></span> <span class='ocrx_word' id='word_1_108' title='bbox 825 2285 899 2346; x_wconf 87' lang='lat' dir='ltr'><strong>erat</strong></span> <span class='ocrx_word' id='word_1_109' title='bbox 922 2278 1108 2368; x_wconf 88' lang='lat' dir='ltr'><strong>quamdam</strong></span> <span class='ocrx_word' id='word_1_110' title='bbox 1131 2278 1257 2368; x_wconf 71' lang='lat' dir='ltr'><strong>imagi-</strong></span> 
     </span>
     <span class='ocr_line' id='line_1_17' title="bbox 191 2393 1257 2487; baseline 0.002 -25"><span class='ocrx_word' id='word_1_111' title='bbox 191 2416 271 2462; x_wconf 90' lang='lat' dir='ltr'><strong>nem</strong></span> <span class='ocrx_word' id='word_1_112' title='bbox 305 2393 473 2463; x_wconf 87' lang='lat' dir='ltr'><strong>libertatis</strong></span> <span class='ocrx_word' id='word_1_113' title='bbox 502 2417 693 2486; x_wconf 74' lang='lat' dir='ltr'><strong>superame,</strong></span> <span class='ocrx_word' id='word_1_114' title='bbox 725 2403 759 2463; x_wconf 92' lang='grc'><strong>61</strong></span> <span class='ocrx_word' id='word_1_115' title='bbox 786 2395 977 2487; x_wconf 88' lang='lat' dir='ltr'><strong>principem</strong></span> <span class='ocrx_word' id='word_1_116' title='bbox 1010 2418 1045 2464; x_wconf 89' lang='lat' dir='ltr'><strong>se</strong></span> <span class='ocrx_word' id='word_1_117' title='bbox 1060 2396 1257 2464; x_wconf 91' lang='lat' dir='ltr'><strong>modestum</strong></span> 
     </span>
     <span class='ocr_line' id='line_1_18' title="bbox 192 2509 1253 2603; baseline 0.003 -25"><span class='ocrx_word' id='word_1_118' title='bbox 192 2532 326 2598; x_wconf 84' lang='lat' dir='ltr'><strong>gerere,</strong></span> <span class='ocrx_word' id='word_1_119' title='bbox 357 2509 385 2577; x_wconf 93' lang='lat' dir='ltr'><strong>si</strong></span> <span class='ocrx_word' id='word_1_120' title='bbox 404 2511 624 2600; x_wconf 83' lang='lat' dir='ltr'><strong>tyrannidem</strong></span> <span class='ocrx_word' id='word_1_121' title='bbox 654 2511 857 2602; x_wconf 86' lang='lat' dir='ltr'><strong>impotentia</strong></span> <span class='ocrx_word' id='word_1_122' title='bbox 876 2511 1107 2603; x_wconf 79' lang='lat' dir='ltr'><strong>patefacerat3</strong></span> <span class='ocrx_word' id='word_1_123' title='bbox 1138 2535 1253 2603; x_wconf 87' lang='lat' dir='ltr'><strong>neque</strong></span> 
     </span>
     <span class='ocr_line' id='line_1_19' title="bbox 192 2616 1256 2719; baseline 0.002 -24"><span class='ocrx_word' id='word_1_124' title='bbox 192 2626 293 2696; x_wconf 91' lang='lat' dir='ltr'><strong>venia</strong></span> <span class='ocrx_word' id='word_1_125' title='bbox 309 2635 482 2718; x_wconf 78' lang='lat' dir='ltr'><strong>occupatae</strong></span> <span class='ocrx_word' id='word_1_126' title='bbox 505 2627 704 2718; x_wconf 79' lang='lat' dir='ltr'><strong>reipublioae</strong></span> <span class='ocrx_word' id='word_1_127' title='bbox 724 2616 893 2719; x_wconf 85' lang='lat' dir='ltr'><strong>speranda</strong></span> <span class='ocrx_word' id='word_1_128' title='bbox 907 2627 1066 2717; x_wconf 83' lang='lat' dir='ltr'><strong>Augusto</strong></span> <span class='ocrx_word' id='word_1_129' title='bbox 1086 2636 1170 2711; x_wconf 86' lang='lat' dir='ltr'><strong>erat,</strong></span> <span class='ocrx_word' id='word_1_130' title='bbox 1188 2627 1256 2698; x_wconf 84' lang='lat' dir='ltr'><strong>nisi</strong></span> 
     </span>
     <span class='ocr_line' id='line_1_20' title="bbox 190 2743 1257 2836; baseline 0.002 -24"><span class='ocrx_word' id='word_1_131' title='bbox 190 2743 263 2834; x_wconf 86' lang='lat' dir='ltr'><strong>ipse</strong></span> <span class='ocrx_word' id='word_1_132' title='bbox 280 2743 406 2812; x_wconf 85' lang='lat' dir='ltr'><strong>ceteris</strong></span> <span class='ocrx_word' id='word_1_133' title='bbox 418 2766 556 2835; x_wconf 88' lang='lat' dir='ltr'><strong>quoque</strong></span> <span class='ocrx_word' id='word_1_134' title='bbox 576 2743 777 2833; x_wconf 81' lang='lat' dir='ltr'><strong>ignovisset.</strong></span> <span class='ocrx_word' id='word_1_135' title='bbox 811 2745 900 2813; x_wconf 90' lang='lat' dir='ltr'><strong>Tum</strong></span> <span class='ocrx_word' id='word_1_136' title='bbox 920 2745 963 2812; x_wconf 89' lang='lat' dir='ltr'><strong>ad</strong></span> <span class='ocrx_word' id='word_1_137' title='bbox 978 2767 1100 2836; x_wconf 87' lang='lat' dir='ltr'><strong>pacem</strong></span> <span class='ocrx_word' id='word_1_138' title='bbox 1114 2767 1257 2836; x_wconf 89' lang='lat' dir='ltr'><strong>compo·</strong></span> 
     </span>
     <span class='ocr_line' id='line_1_21' title="bbox 190 2859 1259 2954; baseline 0.002 -26"><span class='ocrx_word' id='word_1_139' title='bbox 190 2859 364 2952; x_wconf 88' lang='lat' dir='ltr'><strong>situmque</strong></span> <span class='ocrx_word' id='word_1_140' title='bbox 380 2860 541 2936; x_wconf 86' lang='lat' dir='ltr'><strong>ordinem-</strong></span> <span class='ocrx_word' id='word_1_141' title='bbox 558 2860 678 2930; x_wconf 89' lang='lat' dir='ltr'><strong>civitas</strong></span> <span class='ocrx_word' id='word_1_142' title='bbox 692 2883 763 2928; x_wconf 93' lang='lat' dir='ltr'><strong>non</strong></span> <span class='ocrx_word' id='word_1_143' title='bbox 783 2869 861 2929; x_wconf 87' lang='lat' dir='ltr'><strong>ante</strong></span> <span class='ocrx_word' id='word_1_144' title='bbox 877 2859 991 2929; x_wconf 86' lang='lat' dir='ltr'><strong>redire</strong></span> <span class='ocrx_word' id='word_1_145' title='bbox 1005 2869 1141 2952; x_wconf 90' lang='lat' dir='ltr'><strong>poterat</strong></span> <span class='ocrx_word' id='word_1_146' title='bbox 1153 2883 1259 2954; x_wconf 89' lang='lat' dir='ltr'><strong>quam</strong></span> 
     </span>
     <span class='ocr_line' id='line_1_22' title="bbox 189 2976 1258 3068; baseline -0.001 -22"><span class='ocrx_word' id='word_1_147' title='bbox 189 2997 311 3046; x_wconf 84' lang='lat' dir='ltr'><strong>cruore</strong></span> <span class='ocrx_word' id='word_1_148' title='bbox 339 2976 493 3067; x_wconf 79' lang='lat' dir='ltr'><strong>respergi</strong></span> <span class='ocrx_word' id='word_1_149' title='bbox 522 2976 706 3045; x_wconf 85' lang='lat' dir='ltr'><strong>desineret.</strong></span> <span class='ocrx_word' id='word_1_150' title='bbox 735 2976 953 3068; x_wconf 74' lang='lat' dir='ltr'><strong>Quapropter</strong></span> <span class='ocrx_word' id='word_1_151' title='bbox 985 2977 1077 3066; x_wconf 88' lang='lat' dir='ltr'><strong>apud</strong></span> <span class='ocrx_word' id='word_1_152' title='bbox 1109 2977 1258 3046; x_wconf 88' lang='lat' dir='ltr'><strong>Dionem</strong></span> 
     </span>
     <span class='ocr_line' id='line_1_23' title="bbox 189 3091 1257 3184; baseline 0 -22"><span class='ocrx_word' id='word_1_153' title='bbox 189 3093 358 3162; x_wconf 71' lang='lat' dir='ltr'><strong>Maecenas</strong></span> <span class='ocrx_word' id='word_1_154' title='bbox 383 3092 581 3182; x_wconf 78' lang='lat' dir='ltr'><strong>Augustum</strong></span> <span class='ocrx_word' id='word_1_155' title='bbox 608 3093 766 3161; x_wconf 86' lang='lat' dir='ltr'><strong>hortatur</strong></span> <span class='ocrx_word' id='word_1_156' title='bbox 792 3100 860 3160; x_wconf 92' lang='lat' dir='ltr'><strong>«ut</strong></span> <span class='ocrx_word' id='word_1_157' title='bbox 886 3099 1054 3184; x_wconf 87' lang='lat' dir='ltr'><strong>potestate</strong></span> <span class='ocrx_word' id='word_1_158' title='bbox 1073 3091 1185 3180; x_wconf 82' lang='lat' dir='ltr'><strong>magis</strong></span> <span class='ocrx_word' id='word_1_159' title='bbox 1213 3092 1257 3162; x_wconf 88' lang='lat' dir='ltr'><strong>ad</strong></span> 
     </span>
     <span class='ocr_line' id='line_1_24' title="bbox 189 3207 1260 3302; baseline -0.002 -25"><span class='ocrx_word' id='word_1_160' title='bbox 189 3208 401 3302; x_wconf 89' lang='lat' dir='ltr'><strong>parcendum</strong></span> <span class='ocrx_word' id='word_1_161' title='bbox 415 3217 546 3291; x_wconf 88' lang='lat' dir='ltr'><strong>utatur,</strong></span> <span class='ocrx_word' id='word_1_162' title='bbox 563 3231 667 3300; x_wconf 89' lang='lat' dir='ltr'><strong>quam</strong></span> <span class='ocrx_word' id='word_1_163' title='bbox 679 3208 723 3276; x_wconf 89' lang='lat' dir='ltr'><strong>ad</strong></span> <span class='ocrx_word' id='word_1_164' title='bbox 734 3208 972 3292; x_wconf 56' lang='lat' dir='ltr'><strong>saeviandump</strong></span> <span class='ocrx_word' id='word_1_165' title='bbox 985 3207 1211 3276; x_wconf 87' lang='lat' dir='ltr'><strong>contumelias</strong></span> <span class='ocrx_word' id='word_1_166' title='bbox 1225 3217 1260 3276; x_wconf 88' lang='lat' dir='ltr'><strong>et</strong></span> 
     </span>
     <span class='ocr_line' id='line_1_25' title="bbox 188 3311 1257 3417; baseline 0 -23"><span class='ocrx_word' id='word_1_167' title='bbox 188 3324 382 3408; x_wconf 85' lang='lat' dir='ltr'><strong>maledieta,</strong></span> <span class='ocrx_word' id='word_1_168' title='bbox 413 3334 581 3417; x_wconf 88' lang='lat' dir='ltr'><strong>quantum</strong></span> <span class='ocrx_word' id='word_1_169' title='bbox 599 3325 720 3417; x_wconf 87' lang='lat' dir='ltr'><strong>possit,</strong></span> <span class='ocrx_word' id='word_1_170' title='bbox 734 3325 912 3415; x_wconf 76' lang='lat' dir='ltr'><strong>negligat3</strong></span> <span class='ocrx_word' id='word_1_171' title='bbox 934 3325 971 3394; x_wconf 92' lang='lat' dir='ltr'><strong>in</strong></span> <span class='ocrx_word' id='word_1_172' title='bbox 995 3324 1170 3417; x_wconf 87' lang='lat' dir='ltr'><strong>puniendo</strong></span> <span class='ocrx_word' id='word_1_173' title='bbox 1199 3311 1257 3394; x_wconf 89' lang='lat' dir='ltr'><strong>ne-</strong></span> 
     </span>
     <span class='ocr_line' id='line_1_26' title="bbox 189 3439 1253 3537; baseline -0.004 -27"><span class='ocrx_word' id='word_1_174' title='bbox 189 3464 257 3533; x_wconf 91' lang='lat' dir='ltr'><strong>que</strong></span> <span class='ocrx_word' id='word_1_175' title='bbox 281 3441 488 3510; x_wconf 85' lang='lat' dir='ltr'><strong>iracundum</strong></span> <span class='ocrx_word' id='word_1_176' title='bbox 520 3465 557 3510; x_wconf 87' lang='lat' dir='ltr'><strong>se</strong></span> <span class='ocrx_word' id='word_1_177' title='bbox 585 3442 748 3533; x_wconf 84' lang='lat' dir='ltr'><strong>praebeat‚</strong></span> <span class='ocrx_word' id='word_1_178' title='bbox 785 3465 898 3537; x_wconf 88' lang='lat' dir='ltr'><strong>neque</strong></span> <span class='ocrx_word' id='word_1_179' title='bbox 927 3441 1176 3512; x_wconf 83' lang='lat' dir='ltr'><strong>inexorabilem</strong></span> <span class='ocrx_word' id='word_1_180' title='bbox 1192 3439 1217 3508; x_wconf 77' lang='lat'><strong>².</strong></span> <span class='ocrx_word' id='word_1_181' title='bbox 1236 3469 1253 3506; x_wconf 77' lang='lat' dir='ltr'><strong>a</strong></span> 
     </span>
     <span class='ocr_line' id='line_1_27' title="bbox 187 3558 1256 3649; baseline 0.002 -23"><span class='ocrx_word' id='word_1_182' title='bbox 187 3558 332 3626; x_wconf 89' lang='lat' dir='ltr'><strong>Neenon</strong></span> <span class='ocrx_word' id='word_1_183' title='bbox 346 3559 382 3625; x_wconf 90' lang='lat' dir='ltr'><strong>in</strong></span> <span class='ocrx_word' id='word_1_184' title='bbox 398 3559 464 3628; x_wconf 91' lang='lat' dir='ltr'><strong>alio</strong></span> <span class='ocrx_word' id='word_1_185' title='bbox 475 3559 597 3628; x_wconf 88' lang='lat' dir='ltr'><strong>Dionis</strong></span> <span class='ocrx_word' id='word_1_186' title='bbox 614 3559 690 3628; x_wconf 92' lang='lat' dir='ltr'><strong>loco</strong></span> <span class='ocrx_word' id='word_1_187' title='bbox 705 3559 833 3648; x_wconf 83' lang='lat' dir='ltr'><strong>legitur</strong></span> <span class='ocrx_word' id='word_1_188' title='bbox 860 3586 876 3622; x_wconf 90' lang='lat'>«</span> <span class='ocrx_word' id='word_1_189' title='bbox 894 3558 1127 3641; x_wconf 73' lang='lat' dir='ltr'><strong>Maecenatem,</strong></span> <span class='ocrx_word' id='word_1_190' title='bbox 1148 3579 1256 3649; x_wconf 88' lang='lat' dir='ltr'><strong>quum</strong></span> 
     </span>
     <span class='ocr_line' id='line_1_28' title="bbox 187 3673 1258 3765; baseline 0.003 -24"><span class='ocrx_word' id='word_1_191' title='bbox 187 3673 413 3765; x_wconf 87' lang='lat' dir='ltr'><strong>plurimaalia</strong></span> <span class='ocrx_word' id='word_1_192' title='bbox 425 3675 461 3744; x_wconf 91' lang='lat' dir='ltr'><strong>in</strong></span> <span class='ocrx_word' id='word_1_193' title='bbox 475 3675 674 3764; x_wconf 79' lang='lat' dir='ltr'><strong>Augustum</strong></span> <span class='ocrx_word' id='word_1_194' title='bbox 688 3673 857 3745; x_wconf 85' lang='lat' dir='ltr'><strong>beneficia</strong></span> <span class='ocrx_word' id='word_1_195' title='bbox 871 3674 1072 3756; x_wconf 87' lang='lat' dir='ltr'><strong>contulisse,</strong></span> <span class='ocrx_word' id='word_1_196' title='bbox 1085 3683 1160 3742; x_wconf 89' lang='lat' dir='ltr'><strong>tum</strong></span> <span class='ocrx_word' id='word_1_197' title='bbox 1170 3675 1258 3744; x_wconf 93' lang='lat' dir='ltr'><strong>illud</strong></span> 
     </span>
     <span class='ocr_line' id='line_1_29' title="bbox 187 3790 1254 3884; baseline 0.002 -26"><span class='ocrx_word' id='word_1_198' title='bbox 187 3790 349 3874; x_wconf 83' lang='lat' dir='ltr'><strong>maxime,</strong></span> <span class='ocrx_word' id='word_1_199' title='bbox 365 3791 483 3883; x_wconf 83' lang='lat' dir='ltr'><strong>quod,</strong></span> <span class='ocrx_word' id='word_1_200' title='bbox 496 3791 644 3884; x_wconf 66' lang='lat' dir='ltr'><strong>squoties</strong></span> <span class='ocrx_word' id='word_1_201' title='bbox 663 3791 721 3860; x_wconf 92' lang='lat' dir='ltr'><strong>ille</strong></span> <span class='ocrx_word' id='word_1_202' title='bbox 750 3792 1019 3884; x_wconf 83' lang='lat' dir='ltr'><strong>intemperanter</strong></span> <span class='ocrx_word' id='word_1_203' title='bbox 1038 3790 1254 3876; x_wconf 86' lang='lat' dir='ltr'><strong>irasceretur,</strong></span> 
     </span>
     <span class='ocr_line' id='line_1_30' title="bbox 187 3891 1256 3996; baseline 0.004 -22"><span class='ocrx_word' id='word_1_204' title='bbox 187 3905 322 3996; x_wconf 87' lang='lat' dir='ltr'><strong>placare</strong></span> <span class='ocrx_word' id='word_1_205' title='bbox 338 3929 419 3976; x_wconf 89' lang='lat' dir='ltr'><strong>eum</strong></span> <span class='ocrx_word' id='word_1_206' title='bbox 438 3907 608 3976; x_wconf 78' lang='lat' dir='ltr'><strong>Maecenas</strong></span> <span class='ocrx_word' id='word_1_207' title='bbox 623 3907 762 3992; x_wconf 88' lang='lat' dir='ltr'><strong>soleret,</strong></span> <span class='ocrx_word' id='word_1_208' title='bbox 779 3917 814 3978; x_wconf 88' lang='lat' dir='ltr'><strong>et</strong></span> <span class='ocrx_word' id='word_1_209' title='bbox 826 3904 877 3976; x_wconf 79' lang='lat' dir='ltr'><strong>&#39;ed</strong></span> <span class='ocrx_word' id='word_1_210' title='bbox 896 3891 1122 3978; x_wconf 87' lang='lat' dir='ltr'><strong>humaniores</strong></span> <span class='ocrx_word' id='word_1_211' title='bbox 1134 3929 1256 3978; x_wconf 86' lang='lat' dir='ltr'><strong>sensus</strong></span> 
     </span>
    </p>
   </div>
   <div class='ocr_carea' id='block_1_6' title="bbox 235 4093 472 4234">
    <p class='ocr_par' dir='ltr' id='par_1_6' title="bbox 235 4093 472 4234">
     <span class='ocr_line' id='line_1_31' title="bbox 237 4093 472 4158; baseline 0 -16"><span class='ocrx_word' id='word_1_212' title='bbox 237 4095 260 4144; x_wconf 86' lang='grc'><strong>1.</strong></span> <span class='ocrx_word' id='word_1_213' title='bbox 280 4093 402 4158; x_wconf 71' lang='lat' dir='ltr'><strong>Semls&#39;p.</strong></span> <span class='ocrx_word' id='word_1_214' title='bbox 420 4095 472 4144; x_wconf 80' lang='lat' dir='ltr'><strong>tlt.</strong></span> 
     </span>
     <span class='ocr_line' id='line_1_32' title="bbox 235 4170 463 4234; baseline 0.009 -13"><span class='ocrx_word' id='word_1_215' title='bbox 235 4173 259 4221; x_wconf 81' lang='lat'><strong>2.</strong></span> <span class='ocrx_word' id='word_1_216' title='bbox 277 4170 344 4233; x_wconf 79' lang='lat' dir='ltr'><strong>Dio,</strong></span> <span class='ocrx_word' id='word_1_217' title='bbox 360 4173 411 4234; x_wconf 87' lang='lat' dir='ltr'><strong>Lll,</strong></span> <span class='ocrx_word' id='word_1_218' title='bbox 425 4175 463 4223; x_wconf 85' lang='grc'><strong>31.</strong></span> 
     </span>
    </p>
   </div>
   <div class='ocr_carea' id='block_1_7' title="bbox 0 0 1570 5064">
    <p class='ocr_par' dir='ltr' id='par_1_7' title="bbox 0 0 1570 5064">
     <span class='ocr_line' id='line_1_33' title="bbox 0 0 1570 5064; baseline 0 1"><span class='ocrx_word' id='word_1_219' title='bbox 0 0 1570 5064; x_wconf 95' lang='lat' dir='ltr'><strong> </strong></span> 
     </span>
    </p>
   </div>
  </div>
 </body>
</html>
