3130 5064
663 553 693 562 -.
713 527 748 580 45
766 552 801 567 .-

194 646 386 715 duciariam
401 655 537 715 tautum
557 669 700 738 operam
720 656 755 716 et
770 646 804 715 in
827 656 963 739 tempus
983 647 1172 730 obtinebat,
1195 669 1259 715 nec

193 761 260 829 nisi
280 761 452 830 creditum
471 762 513 829 ab
533 761 640 830 altero
651 784 792 844 munus,
809 770 844 830 et
856 761 892 830 in
907 762 1019 832 vicem
1028 761 1180 845 alterius,
1203 783 1259 850 ge-

192 877 303 944 rebat.
325 877 428 958 Quod
441 877 600 969 plurimis
612 878 779 970 exemplis
794 878 1012 968 comprobari
1027 886 1151 968 potest.
1169 878 1258 946 Nam

184 995 367 1084 praefectus
381 994 479 1062 classi
496 1004 570 1062 erat
584 994 644 1086 qui
672 993 773 1062 classi
797 1002 832 1062 et
856 1017 875 1061 a
895 993 1036 1064 consule
1050 993 1259 1085 praepositus

191 1116 276 1189 erat,
298 1117 333 1177 et
351 1110 414 1178 sub
426 1109 588 1200 auspiciis
604 1109 757 1178 consulis
768 1109 969 1202 imperabat.
993 1109 1118 1178 Itidem
1127 1108 1165 1176 in
1178 1131 1257 1177 mu·

190 1224 328 1316 nicipiis
353 1235 413 1295 aut
435 1227 592 1309 coloniis,
627 1248 736 1318 quum
757 1226 970 1318 qccatuoroiri
996 1233 1056 1293 aut
1084 1224 1258 1294 duumviri

183 1343 262 1432 jari
289 1341 433 1419 dicundo
457 1342 597 1411 creandi
622 1350 749 1426 essent,
777 1365 868 1434 saepe
893 1351 1010 1410 autem
1034 1341 1204 1410 accideret
1217 1349 1258 1409 ut

194 1480 311 1540 nemo,
330 1467 472 1549 propter
493 1459 734 1527 contentiones
763 1458 1038 1542 candidatorum,
1065 1464 1255 1540 crearetur,

189 1583 248 1642 aut
262 1583 301 1642 ut
320 1574 446 1666 aliquis
460 1583 635 1644 crearetur
654 1575 713 1667 qui
729 1576 847 1644 Roma
858 1575 999 1664 degeret
1009 1597 1123 1667 neque
1133 1573 1170 1642 in
1183 1593 1258 1642 mu-

188 1689 408 1781 nicipiumad
423 1691 624 1760 obeundum
633 1713 761 1761 munus
771 1691 946 1760 rediturus
957 1697 1059 1773 esset,
1071 1690 1258 1782 praefectus'

187 1813 262 1873 tum
303 1829 442 1899 quoque
475 1807 663 1877 vocabatur
696 1807 756 1900 qui
793 1807 1000 1900 explendam
1031 1806 1257 1894 magistratus

186 1922 336 1991 absentis
355 1933 498 1992 autnon
519 1924 623 1992 creati
637 1924 749 1994 vicem
764 1923 972 2018 suscipiebat
988 1927 1012 1990 ¹.

253 2038 301 2107 At
326 2062 370 2107 ne
397 2039 497 2131 plura
530 2063 635 2132 quam
662 2040 744 2108 satis
768 2048 827 2108 est
855 2039 1014 2132 exempla
1054 2019 1253 2120 afferamus,
1350 2069 1357 2082 =

183 2163 293 2247 utque
306 2155 350 2224 ad
358 2157 599 2247 praefecturam
608 2156 710 2226 Urbis
725 2157 920 2240 redeamus,
941 2184 957 2220 «
966 2156 1040 2247 jam
1054 2155 1096 2222 ab
1117 2152 1254 2242 origine

183 2272 298 2356 Urbis,
320 2281 360 2341 ut
378 2272 426 2341 ait
445 2273 596 2356 Tacitus,
617 2273 781 2363 profectis
806 2273 910 2341 domo
935 2272 1079 2360 regibus
1109 2293 1148 2339 ae
1171 2291 1255 2338 mox

184 2387 454 2476 magistratibus,
472 2412 515 2457 ne
530 2389 619 2458 Urbs
633 2388 707 2458 sine
723 2388 868 2480 imperio
884 2388 984 2472 foret,
997 2387 1033 2455 in
1049 2395 1184 2478 tempus
1198 2387 1257 2454 de·

182 2503 354 2592 ligabatur
362 2505 421 2596 qui
428 2503 485 2595 jus
495 2503 654 2574 redderet
662 2529 700 2574 ac
709 2505 831 2574 subitis
839 2503 1252 2595 mederetur3feruntque

183 2619 225 2687 ab
249 2620 398 2690 Romulo
426 2622 592 2691 Dentrem
618 2623 832 2707 Romulium,
862 2632 942 2715 post
962 2622 1006 2690 ab
1035 2620 1135 2688 Tullo
1160 2605 1253 2687 Hos·v

183 2735 260 2804 tilio
274 2735 426 2806 Numam
436 2738 603 2808 Marcium
612 2748 646 2807 et
660 2740 701 2807 ab
712 2740 903 2832 Tarquinio
919 2738 1075 2830 Superbo
1088 2735 1254 2827 Spurium

181 2852 384 2932 Lucretium
407 2854 588 2946 impositos
605 2857 629 2922 ².
649 2885 665 2920 a
696 2857 762 2924 Ubi
791 2856 984 2926 notandum
1004 2853 1144 2945 estjam
1164 2876 1252 2945 prae-

147 3035 152 3045 ,
171 2969 291 3061 *sectos
310 2994 330 3038 a
348 2969 488 3040 nemine
504 2971 585 3054 elio,
598 2971 665 3039 nisi
681 2972 723 3039 ab
738 2957 822 3063 ipsis
837 2973 990 3060 regibus,
1008 2992 1158 3061 quorum
1173 2968 1251 3036 loco

181 3085 395 3178 aliquamdiu
418 3087 620 3178 imperaturi
658 3095 766 3170 erant,
798 3095 1126 3179 potestatem'suam
1154 3106 1251 3164 aece-

179 3195 284 3293 pissess
298 3231 314 3266 «
325 3203 586 3272 Deinoonsules
601 3203 852 3286 mandabant³3
875 3231 891 3266 »
914 3209 1125 3295 quapropter
1142 3200 1250 3269 etiam

180 3319 272 3409 apud
287 3320 402 3388 Titum
409 3319 548 3388 Livium
562 3320 710 3410 legimus
718 3321 738 3389 J
740 3319 862 3389 unium
876 3321 1035 3402 Brutum,
1057 3341 1165 3411 quum
1189 3317 1252 3385 Ar·

181 3431 281 3504 deam
295 3433 332 3503 in
347 3445 456 3504 castra
479 3437 767 3528 proficisceretur,
787 3465 803 3500 «
820 3437 1004 3528 imperium
1019 3435 1056 3502 in
1074 3433 1165 3502 Urbe
1184 3434 1251 3502 Lu-

181 3551 301 3635 cretio,
317 3552 479 3646 praefecto
500 3551 601 3621 Urbis
616 3552 690 3645 jam
709 3563 789 3622 ante
804 3553 846 3621 ab
861 3576 943 3642 rege
959 3551 1131 3633 instituto,
1150 3575 1166 3613 n
1189 3572 1246 3619 re-

227 3820 239 3868 1
253 3817 290 3877 De
300 3817 352 3868 hoc
365 3817 424 3868 vide
439 3820 521 3869 lusor.
538 3820 617 3870 Orelli
632 3821 748 3882 Henzcn,
760 3830 791 3870 n⁰
806 3824 876 3884 3679,
888 3825 913 3873 et
924 3809 1247 3886 interpretationemque

181 3897 309 3960 sequitur.
323 3925 353 3933 -
368 3897 405 3947 Cf.
421 3899 569 3962 Foroellini‚
588 3900 671 3950 Totius
682 3900 831 3950 Latinitatis
850 3899 957 3960 lexicon,
977 3903 996 3950 t.
1010 3901 1055 3958 111,
1070 3914 1095 3963 p.
1111 3901 1157 3949 456
1174 3899 1248 3963 (pra-

93 4032 96 4040 ,
181 3977 272 4042 fectus)
287 3980 352 4042 etp.
370 3980 415 4030 377
428 3980 560 4043 (Petronio
572 3981 633 4043 lea).

202 4121 205 4126 Α
227 4069 251 4118 2,
265 4068 325 4117 Teo.
337 4067 416 4130 Aac„
432 4069 474 4130 VI,
491 4073 529 4120 n,

227 4159 250 4207 3.
268 4156 335 4207 lbid'.
