3130 5064
784 541 924 596 „30-

321 663 352 730 ci
379 662 569 740 minitatus,
596 662 763 730 Graeciam
790 663 928 754 repetiit
949 666 971 730 ¹.
999 664 1130 754 Nempe
1157 663 1385 736 arbitrabatur

320 777 481 846 credulus
499 778 604 846 bomo
625 778 774 848 subitam
788 780 876 847 banc
890 779 933 846 ab
943 779 1041 846 Italia
1058 779 1309 867 digressionem
1324 782 1384 850 Oc-

320 893 457 964 taviano
472 893 751 962 molestissimam
765 893 851 976 fore,
872 918 941 986 qua
961 893 1035 983 ejus
1056 894 1227 965 voluntati
1242 895 1383 985 ignarus

320 1009 470 1080 maxime
490 1009 758 1102 obtemperabat.
780 1009 848 1092 An,
867 1032 975 1101 quum
994 1008 1200 1078 Octavianus
1215 1011 1301 1080 adeo
1318 1012 1382 1081 sibi

321 1125 513 1217 discrepare
528 1124 676 1209 videtur,
694 1148 785 1194 nunc
799 1125 1000 1220 „Antonium
1021 1126 1173 1209 arcessit,
1194 1151 1286 1196 11111
1305 1150 1383 1196 con-

319 1263 476 1331 gressum
495 1264 573 1310 cum
601 1264 641 1310 eo
666 1241 762 1324 vitat,
783 1240 933 1310 dubitari
960 1250 1073 1333 potest
1091 1243 1176 1334 quin
1204 1266 1244 1311 ca
1272 1243 1382 1312 consi-

317 1357 445 1426 liorum
460 1379 594 1426 summa
613 1344 729 1439 brerit,
746 1365 785 1424 ut
804 1365 838 1426 ct
852 1357 1090 1448 adjumentum
1103 1358 1247 1426 Antonii
1270 1358 1307 1426 in
1332 1358 1382 1427 Si·

319 1472 453 1541 ciliensi
481 1472 572 1540 bello
603 1471 801 1563 peragendo
827 1495 863 1540 se
889 1473 1130 1564 concupiscere
1159 1475 1317 1563 fingeret,
1348 1482 1383 1542 11

319 1587 474 1678 ejusdem
506 1587 696 1678 adjumenti
720 1587 959 1672 necessitatem
985 1612 1024 1658 ac
1050 1589 1243 1680 periculum
1268 1591 1382 1681 reipsa

319 1704 505 1793 effugeret?

384 1819 492 1911 Atqui
512 1839 552 1886 ea
567 1817 787 1887 edisserendo
806 1842 880 1888 essa
899 1820 1069 1890 sensimus
1083 1845 1122 1890 ac
1141 1821 1290 1890 dilucide
1309 1843 1383 1912 per·

319 1927 506 2029 spiciendo,
531 1944 570 2003 ut
588 1933 861 2024 intelligeremus
881 1937 1019 2027 qualem
1035 1960 1175 2028 operam
1195 1937 1380 2006 Octaviano

319 2052 488 2120 Maecenas
508 2050 611 2118 1111111
632 2060 749 2141 postea
769 2052 1039 2121 commodaverit
1057 2076 1063 2121 :
1081 2075 1162 2122 nam
1181 2051 1217 2120 in
1236 2053 1279 2120 iis
1298 2075 1383 2144 prae-

319 2168 438 2238 sertim
453 2190 529 2259 quae
551 2176 666 2234 secuta
685 2175 765 2234 sunt
782 2167 1004 2236 Maecenatem
1029 2169 1216 2260 saepissime
1236 2193 1275 2238 ac
1298 2193 1382 2261 praa·

231 2273 235 2281 ¹
319 2283 526 2353 stantissime
546 2281 742 2354 interfuisse
758 2283 831 2373 jam
851 2284 1083 2352 ostendemus.

335 2428 337 2432 ·
385 2400 500 2482 Quum
517 2397 690 2467 Antonius
709 2398 871 2489 injuriam
886 2399 951 2466 sibi
971 2400 1012 2467 ab
1038 2399 1225 2471 Octaviano
1252 2400 1382 2470 illatam

317 2540 408 2607 aegre
427 2515 768 2610 ferret,*mutuisque
793 2515 1080 2600 accusationibus,
1107 2525 1142 2586 et
1169 2517 1211 2586 iis
1240 2518 1383 2609 quidem

317 2632 559 2714 acerbissimis,
575 2642 720 2722 uterque
737 2654 772 2698 se
788 2631 1167 2716 inviccmlacesserent,
1180 2632 1380 2718 Octaviano,

317 2747 414 2840 cujus
429 2747 607 2817 iracundia
631 2747 791 2815 simulata
810 2755 895 2830 erat,
916 2747 951 2814 id
971 2748 1163 2818 cavendum
1178 2772 1252 2834 esse
1267 2750 1381 2818 visum

317 2874 369 2934 est
387 2888 430 2934 11
446 2888 465 2932 1
475 2863 600 2955 jurgiis
616 2864 658 2931 ad
672 2863 803 2933 bellum
823 2865 1037 2948 transiretur,
1059 2889 1146 2934 neve
1166 2865 1202 2934 11
1223 2866 1381 2958 Pompeii

263 2965 267 2970 ⁵
317 2982 516 3050 societatem
534 2978 707 3051 Antonius
727 2979 853 3049 iterum
868 2981 1094 3050 delaberetur.
1118 2981 1264 3074 Quippe,
1281 2982 1380 3052 victis

232 3122 234 3127 ·
317 3122 335 3166 1
351 3097 518 3189 Pompeio
535 3095 755 3188 disjectisquo
767 3097 959 3179 classibust,
978 3106 1138 3188 expertus
1147 3107 1220 3166 erat
1230 3121 1265 3166 se
1277 3098 1380 3168 susti·
1483 3153 1485 3159 ,

316 3213 430 3282 nendo
447 3212 610 3282 adversus
625 3212 839 3295 alterutrum,
857 3213 985 3281 ned-um
1000 3213 1165 3282 adversus
1178 3222 1377 3306 utrumque,

315 3329 406 3398 bello
436 3351 510 3398 esse
540 3328 650 3396 adbuc
676 3328 863 3419 imparem;
894 3337 968 3396 tum
992 3329 1107 3421 quiete
1134 3345 1221 3422 opus
1236 3339 1323 3399 ”erat
1342 3353 1380 3398 ac

315 3443 645 3540 procrastinatione,
678 3452 717 3511 ut
744 3443 943 3524 imminutas
976 3445 1066 3513 vires
1094 3446 1250 3514 reficeret
1278 3424 1390 3538 atquc

315 3563 512 3652 adaugeret.
527 3561 749 3630 Maecenatem
764 3556 1032 3650 igitur'Atbeuas
1042 3562 1148 3644 misit,
1162 3561 1220 3653 qui
1231 3563 1382 3654 placaret

314 3677 506 3747 Antonium
530 3687 564 3746 et
586 3677 680 3745 omui
705 3677 852 3746 solertiae
873 3699 999 3765 genere
1019 3677 1062 3745 ad
1082 3678 1277 3747 ducendum
1295 3688 1380 3746 tem-

313 3818 378 3886 pus
406 3817 589 3886 morasque
618 3793 805 3861 nectendas
833 3801 998 3860 uteretur.
1025 3794 1187 3862 Mandata
1212 3795 1381 3862 Maecenas

315 3887 495 3980 crsecntus
520 3921 583 3993 est,
608 3909 801 3978 Antonium
818 3909 913 3991 adiit,
941 3908 1236 4002 Octavianumque
1251 3910 1382 3978 conlas-

362 4103 385 4150 1.
398 4099 463 4170 App.
482 4100 545 4150 Bell.
561 4100 607 4148 111.
623 4100 653 4158 V,
666 4101 704 4149 79.

361 4183 384 4230 2.
403 4180 468 4244 App.
485 4179 546 4228 Bell.
563 4179 609 4229 civ.
623 4179 652 4238 V,
666 4180 704 4237 83,
721 4180 759 4237 85,
775 4179 814 4236 86,
832 4179 871 4226 81.
