3130 5064
797 507 939 563 ...58-

334 632 571 726 poasessiones
590 628 751 700 effocent.
769 628 968 700 Istiusmodi
987 629 1081 699 enim
1095 626 1237 718 negotia
1250 636 1402 698 nontam

291 805 293 808 .
334 749 549 842 providendo
565 748 701 841 publice
716 770 821 840 quam
834 745 996 840 privatim
1015 747 1255 840 componendo
1276 753 1402 814 etcum

334 863 483 956 singulis
514 865 721 957 paciscendo
750 865 945 933 enodantur
976 872 1012 932 et
1041 864 1233 933 solvuntur.
1259 863 1312 930 De
1337 862 1401 930 hoc

336 981 443 1072 igitur
461 1005 574 1074 neque
598 980 775 1050 enucleate
795 981 977 1064 disserere,
994 1001 1107 1072 neque
1127 978 1270 1048 omnino
1289 986 1401 1046 tecam

336 1097 527 1192 potuimus.
539 1096 811 1190 -Coujiciendum
835 1097 958 1165 saltem
978 1093 1311 1189 (quodquidem'vix
1327 1093 1402 1164 cui-

333 1237 441 1308 quam
472 1215 591 1286 venire
615 1214 821 1306 indubium
844 1213 976 1306 potest)
1000 1214 1223 1282 Maeeenatem
1250 1211 1401 1280 anctori-

336 1339 419 1414 tate,
440 1332 592 1413 solertia,
617 1330 831 1422 ingenioque
854 1330 914 1398 illo
939 1330 982 1398 ad
1006 1328 1248 1421 temperandos
1268 1328 1402 1396 animos
1442 1321 1445 1324 ⁴
1554 1323 1555 1372 ἶ

336 1449 515 1541 aptissimo
533 1447 681 1518 multum
699 1446 850 1516 valuisse
873 1455 912 1516 ut
930 1446 997 1516 illae
1013 1446 1233 1516 difficultates
1247 1445 1292 1514 ad
1306 1467 1403 1534 agro-

336 1584 414 1634 rum
442 1563 722 1634 distributionem
749 1563 961 1657 pertinentes
990 1563 1254 1656 expedirentur,
1277 1584 1330 1644 ac,
1360 1583 1403 1630 ne

338 1681 531 1750 Octaviano
543 1679 670 1750 Caesari
690 1681 864 1763 obessent,
879 1679 1094 1772 praecavisse.

402 1798 514 1868 Grave
540 1819 680 1890 quoque
699 1796 784 1865 illud
802 1805 840 1865 et
863 1796 1016 1866 invisum
1042 1819 1169 1865 munus
1193 1795 1405 1889 explendum

255 1965 257 1970 -
334 1915 430 1986 baud
449 1914 556 1984 semel
575 1913 708 1996 babuit,
725 1922 764 1982 ut
783 1936 855 1982 non
873 1912 979 1984 modo
999 1913 1089 1982 intre
1106 1913 1326 2006 pomoerium,
1345 1911 1405 1982 sed

338 2031 375 2101 in
397 2040 469 2101 tota
487 2031 598 2113 Italia,
622 2029 751 2099 tributa
772 2029 937 2119 exigeret,
961 2054 1037 2122 quae
1053 2029 1262 2100 Octavianus
1277 2029 1402 2112 Caesar,

336 2147 496 2241 plurimis
509 2146 681 2216 bellorum
696 2147 889 2239 sumptibus
907 2169 999 2237 aegre
1015 2147 1202 2229 sufficiens,
1218 2146 1402 2216 indixerat.

337 2265 440 2335 Cives
457 2287 540 2334 vero
560 2273 594 2333 et
616 2264 756 2347 incolae,
782 2264 958 2356 perpetuis
982 2263 1163 2332 discordiis
1187 2263 1313 2356 quibus
1337 2285 1406 2332 res·

338 2381 476 2476 publica
493 2381 672 2452 laborabat
690 2381 898 2474 plerumque
924 2380 968 2450 ad
995 2389 1234 2474 paupertatem
1260 2380 1403 2463 redacti,

336 2499 454 2569 oneris
482 2499 568 2568 adeo
594 2498 814 2591 impatientes
829 2506 938 2582 erant,
955 2505 994 2568 ut
1008 2495 1167 2568 molestia
1181 2496 1358 2567 interdum
1371 2497 1407 2566 in

339 2615 547 2684 seditionem
565 2624 715 2684 verteret
736 2616 759 2684 ¹.
791 2617 882 2684 Iram
909 2615 1091 2708 minasque
1110 2615 1264 2705 neglexit
1282 2615 1406 2684 Maece·

339 2755 413 2815 uas,
440 2739 673 2824 repugnantes
698 2732 831 2814 terruit,
853 2740 892 2800 ut
911 2731 1072 2824 imposita
1086 2732 1215 2801 tributa
1234 2732 1408 2800 solverent

339 2848 465 2939 coegit,
484 2871 525 2916 ea
548 2848 698 2940 danique
715 2848 884 2940 expressit
898 2857 1001 2942 atque
1017 2848 1161 2918 extorsit
1174 2849 1267 2918 unde
1283 2870 1407 2918 nervos

281 3028 282 3031 ,
338 2966 433 3066 belli,
450 2973 489 3036 ut
508 2965 616 3048 aiunt,
640 2964 765 3034 Caesari
785 2966 1030 3058 suppeditaret,
1050 2966 1267 3060 Quapropter
1289 2974 1408 3040 monet

340 3083 477 3155 Plinius
496 3082 693 3154 Maecenatis
722 3104 842 3151 ranam
870 3082 918 3174 (id
942 3083 1035 3151 enim
1056 3084 1214 3152 caelatum
1237 3083 1274 3151 in
1303 3079 1406 3152 anulo

340 3201 479 3292 signnm
498 3199 677 3292 ¹Maecenas
700 3197 859 3290 habebat)
878 3209 1025 3292 propter
1050 3199 1271 3283 collationem
1302 3222 1408 3291 pecu-

340 3317 479 3388 niarum
494 3315 530 3386 in
549 3338 675 3404 magno
697 3315 991 3385 terr01·eiuisse².
1307 3387 1310 3390 ,

407 3433 483 3535 Quo
504 3431 616 3522 magis
639 3430 803 3502 admirari
822 3431 989 3501 debemus
1004 3433 1239 3518 Maecenatem,
1256 3433 1408 3528 exceptis

339 3548 529 3621 levioribus
544 3547 613 3616 illis
628 3546 934 3640 conquestionibus
950 3558 1054 3642 atque
1070 3549 1332 3635 offensionibus,
1355 3551 1409 3621 in-

340 3666 443 3739 vidia
472 3665 515 3734 ad
542 3671 736 3736 extremum
764 3665 812 3734 ita
835 3676 1012 3760 expertem
1040 3667 1254 3736 evasissent
1280 3667 1409 3760 populo

345 3785 503 3853 Romano
527 3805 630 3852 nemo
650 3782 754 3852 luerit
769 3783 891 3853 carior.
912 3784 987 3867 Ille,
1010 3784 1167 3877 inquam,
1183 3783 1411 3876 pecuniarum

391 4003 412 4050 I.
427 3999 572 4061 Plutarch„
584 3998 689 4060 Antan,
701 4002 740 4052 to.
753 4027 783 4036 —
793 3999 831 4050 Gi.
842 4001 899 4063 Dio,
915 4003 1012 4065 XLVII,
1023 4005 1051 4054 tt
1063 4005 1089 4054 et
1102 4003 1144 4066 I'l;
1157 4001 1267 4062 XLVIII,
1279 4003 1317 4053 ta.

389 4081 413 4129 2.
428 4079 496 4130 Pltn.
510 4081 574 4130 Hist.
592 4082 657 4140 nat,
672 4081 793 4141 XXXVII,
809 4084 833 4133 t.
858 4100 871 4126 α
884 4082 1003 4134 Infausta
1027 4083 1164 4134 enimvero
1187 4082 1278 4132 omine
1297 4095 1329 4132 ea
1347 4096 1411 4133 rane

306 4231 307 4234 Ἴ
343 4170 455 4210 coenare
462 4158 620 4224 jactabatur.
634 4177 646 4202 a
659 4159 823 4225 (Harduinus
836 4161 869 4211 ad
884 4162 956 4212 bunc
972 4163 1080 4227 Iocum).
