3130 5064
594 555 734 608 -35-

136 689 202 748 tem
216 701 252 746 se
268 677 500 758 contulerunt,
517 675 610 743 unde
630 675 798 744 Maecenas
819 674 1012 742 Antonium
1031 696 1121 764 saepe
1141 673 1196 741 in-

135 795 271 878 viseret,
292 805 514 885 praesensque
533 799 650 882 posset
668 790 804 859 blandis
836 791 1035 882 dolosisque
1064 811 1197 858 sermo-

19 931 20 946 *
133 911 233 979 nibus
249 932 374 1001 capere
389 916 434 992 et,
455 916 558 1000 prout
575 907 690 990 vellet,
712 907 859 1000 flectere.

175 1026 259 1110 Qua
278 1046 420 1116 prorsus
436 1047 538 1092 causa
552 1023 657 1092 fuerit
675 1045 736 1091 cur
754 1022 931 1105 Horatius,
948 1022 1116 1116 Virgilius
1131 1031 1195 1090 tot-

135 1165 199 1234 que
215 1150 328 1233 poetae
347 1164 386 1208 ac
395 1140 535 1209 litterati
550 1139 708 1208 homines
716 1138 970 1227 huielegationi
979 1138 1195 1218 interessent,

130 1256 202 1348 jam
216 1255 487 1349 deprehendere,
508 1264 547 1323 ut
561 1255 696 1347 opinor,
713 1276 908 1346 possumus.
923 1255 962 1323 In
978 1255 1093 1322 animo
1105 1255 1205 1322 enim>

136 1373 284 1442 habebat
296 1372 466 1441 Maecenas
484 1380 638 1440 aestatem
656 1394 764 1464 prope
783 1379 892 1438 totam
910 1371 1114 1461 prolatando
1135 1371 1200 1440 du·

138 1512 213 1558 cere
237 1512 244 1558 :
266 1511 360 1573 nam,
382 1490 466 1558 dum
490 1489 584 1557 omui
606 1488 733 1556 artium
761 1510 887 1577 genere
907 1487 1100 1556 Antonium
1127 1488 1200 1579 ipse

136 1607 347 1690 morabatur,
370 1605 468 1674 alteri
496 1603 673 1674 Octaviani
702 1604 795 1672 socio
815 1604 978 1696 Agrippae
1002 1604 1205 1672 facultatem·

139 1723 242 1792 dabat
260 1745 366 1792 naves
380 1721 548 1804 struendi,
569 1729 688 1812 portus
708 1719 906 1803 effodiendi,
921 1721 1038 1789 omnia
1053 1719 1202 1812 denique

137 1838 305 1908 moliendi
324 1846 363 1907 ut
386 1837 605 1920 Octavianus,
627 1836 722 1906 nullo
743 1836 940 1926 adjuvante,
957 1859 1039 1905 mox
1060 1837 1204 1906 Sextum

138 1954 344 2048 Pompeium
368 1978 407 2022 ac
432 1963 552 2046 postea
571 1948 686 2046 ipsum
703 1954 896 2022 Antonium
915 1955 1099 2046 profligare
1122 1976 1204 2045 pos·

138 2081 189 2140 set
212 2095 251 2140 ac
279 2069 457 2139 conficere'
470 2073 493 2138 ¹.
519 2071 633 2152 Quum
648 2071 754 2159 igitur
773 2070 833 2138 diu
860 2072 950 2139 circa
968 2070 1203 2139 Brundusium

140 2189 371 2257 Tarentumve
385 2187 553 2256 Maecenas
574 2196 608 2255 et
621 2187 828 2278 praevideret
847 2210 883 2255 se
897 2210 1150 2272 remansurum,
1173 2196 1207 2256 et

138 2301 242 2370 vellet
260 2300 402 2392 quidem
416 2321 609 2382 remanere,
626 2299 852 2368 amicissimos
876 2299 1035 2368 homines
1060 2309 1094 2369 et
1116 2300 1205 2393 lepi-

138 2415 298 2484 dissimos
318 2439 435 2484 secum
450 2415 650 2498 abduxerat,
669 2439 818 2508 quorum
836 2416 1068 2485 familiaritate
1084 2423 1118 2484 et
1136 2439 1206 2484 ser-

139 2533 301 2601 monibus
324 2555 387 2623 per
408 2532 549 2620 longam
577 2530 671 2600 illam
686 2532 994 2602 commorationem
1019 2533 1201 2602 frueretur.

140 2650 180 2716 In
190 2671 274 2740 quo,
291 2657 330 2716 ut
344 2649 387 2716 ad
396 2649 609 2742 voluptatem
624 2672 734 2748 suam,
744 2650 792 2718 ita
802 2659 836 2718 et
846 2651 889 2719 ad
903 2650 1086 2720 utilitatem
1100 2651 1206 2744 respi-

140 2765 262 2834 ciebat.
279 2765 369 2833 Nam
383 2765 442 2834 illa
457 2765 733 2834 doctissimorum
744 2766 925 2835 hominum
939 2768 1133 2860 frequentia
1147 2769 1207 2838 ho-

140 2881 407 2973 nestissimoque
432 2881 595 2950 comitatu
622 2883 770 2950 multum
802 2907 936 2976 pompae
956 2894 990 2952 et
1012 2895 1206 2977 apparatus

141 2998 213 3066 haec
249 2997 376 3088 legatio
416 2998 552 3081 habuit,
593 3022 662 3090 quo
704 3000 994 3090 perstringeretur
1033 3001 1206 3070 Antonius

125 3123 244 3206 -atque
270 3113 472 3182 alliceretur.
502 3115 554 3182 Ex
575 3115 755 3183 doctorum
787 3115 880 3184 enim
911 3116 1092 3186 hominum
1123 3141 1206 3186 eou-

142 3238 249 3300 ventu
269 3239 303 3297 et
325 3229 486 3298 societate
512 3231 703 3299 maximum
727 3232 1015 3301 oblectamentum
1034 3235 1207 3304 Antonius

142 3343 362 3436 percipiebat.
394 3344 506 3436 Hujus
527 3347 641 3428 studii,
665 3347 719 3416 eui
739 3371 851 3440 neque
872 3351 1073 3442 tempestive
1094 3375 1207 3443 neque

142 3459 337 3530 verecunde
351 3460 525 3530 interdum
543 3462 755 3552 indulgebat,
772 3468 881 3535 multa
901 3468 992 3559 apud
1011 3468 1209 3561 Appianum

144 3587 178 3646 et
200 3568 424 3646 Plutarchum
443 3577 570 3646 indicia
588 3580 738 3670 reperire
759 3590 820 3650 est.
853 3583 967 3664 Quum
986 3584 1130 3652 Athenis
1150 3592 1209 3652 aut

145 3694 363 3764 Alexandriae
378 3702 484 3796 esset,
507 3694 654 3763 multum
676 3718 755 3763 eum
775 3697 919 3788 juvabat
932 3699 968 3765 in
987 3698 1112 3767 scholis
1131 3723 1209 3784 ver-

145 3811 226 3894 sari,
247 3810 471 3908 rhetoresque
492 3819 551 3878 aut
574 3812 815 3900 grammaticos
831 3814 948 3882 audire
966 3816 989 3882 ².
1013 3815 1104 3897 Quin
1123 3815 1206 3897 imo,

146 3936 224 4018 post
242 3927 417 3996 Actiacam
440 3926 585 4009 cladem,
609 3949 717 4019 quum
739 3929 885 4021 Libyam
905 3911 1014 4020 vagus
1043 3942 1077 4000 et
1108 3932 1208 4023 inops

194 4122 217 4168 t.
240 4084 312 4168 sta.
327 4116 405 4182 Aue,
424 4118 460 4166 rs.
479 4144 509 4152 -
523 4117 588 4181 App.
599 4115 729 4180 Berzeo,
745 4119 774 4180 v,
790 4121 828 4170 sa.
840 4145 868 4156 -
884 4121 940 4179 oio,
954 4123 1064 4182 xtvur,
1077 4123 1156 4172 te-u.

194 4202 217 4250 2.
237 4195 449 4263 App-Belloio„
467 4197 497 4257 V,
510 4201 549 4258 lt,
564 4200 603 4248 76.
