3130 5064
812 513 953 566 ,92-

347 656 547 727 quanquam
562 643 596 701 et
606 635 671 701 sibi
690 634 838 704 invicem
853 633 990 717 infensi,
1007 643 1144 702 mutuas
1159 643 1275 703 tamen
1293 637 1411 706 iuimi-

348 751 456 834 citias,
470 758 508 818 ut
523 749 622 832 solet,
636 749 860 841 deponerent,
878 749 1159 820 adversusunum
1170 750 1409 835 Octavianum,
1436 841 1440 850 ι

350 867 415 936 sihi
440 867 600 936 omnibus
629 865 757 957 pariter
782 866 1019 948 metuendum,
1050 889 1145 934 arma
1169 867 1411 936 consociaturi.

351 987 424 1052 Hoc
438 1005 520 1052 vero
544 982 740 1064 discrimen,
765 1005 833 1073 quo
853 982 1037 1073 plerosque
1056 990 1116 1050 aut
1135 1005 1277 1051 summae
1298 993 1415 1074 potes-

352 1099 430 1167 tatis
451 1098 486 1166 in
506 1121 567 1166 sua
589 1097 725 1165 civitate
748 1097 903 1188 cupidos,
925 1105 984 1164 aut
1011 1106 1232 1166 externarum
1259 1100 1415 1188 gentium

353 1215 552 1295 domitores,
569 1214 604 1281 in
619 1213 808 1305 perniciem
823 1213 988 1281 adductos
1003 1212 1109 1282 luisse
1124 1214 1293 1298 videmus,
1311 1239 1416 1307 quam

346 1319 471 1399 'dolose
488 1338 522 1397 ct
535 1337 672 1399 versute
688 1329 894 1398 Octavianus
914 1329 1084 1418 effugerit,
1106 1330 1211 1398 fidem
1231 1354 1339 1422 prope
1356 1355 1416 1399 ex-

353 1447 458 1530 cedit;
477 1454 512 1513 et
528 1468 669 1537 prorsus
685 1425 826 1513 omnino
843 1445 1035 1527 excederet,
1054 1445 1082 1512 si
1097 1446 1175 1537 quis
1190 1469 1270 1514 eum
1292 1470 1415 1530 unum,

353 1544 447 1631 nullo
469 1561 693 1630 consiliorum
710 1560 802 1628 socio
828 1560 1023 1652 adjuvante,
1045 1569 1096 1628 tot
1109 1560 1242 1653 laqueis
1262 1585 1336 1631 seso
1357 1587 1418 1632 cx-

353 1679 471 1771 pedire
498 1678 650 1769 potuisse
681 1677 914 1745 contenderet.
946 1677 1041 1744 Duos
1069 1677 1230 1746 videlieet
1259 1680 1419 1748 homines

355 1795 486 1877 hahuit,
504 1793 635 1883 ingenii
651 1802 689 1861 ut
700 1793 812 1884 specie
828 1793 983 1861 diversos
995 1793 1041 1860 ita
1051 1794 1290 1882 magnitudine
1304 1818 1417 1887 pares,

356 1933 505 2004 quorum
525 1909 694 1978 auxilium
717 1909 745 1976 si
766 1909 942 1992 defuisset,
966 1933 1042 2001 quae
1070 1889 1344 2002 omniaperegit
1362 1922 1422 1982 eut

356 2052 427 2097 non
442 2035 572 2095 tentare
589 2049 692 2096 ausus
708 2035 809 2109 esset,
832 2036 891 2094 aut
904 2025 1118 2118 nequivisset
1136 2027 1315 2096 conficere.
1333 2024 1423 2098 Nam

357 2144 512 2236 Agrippa
531 2142 634 2212 armis
654 2151 688 2210 et
701 2141 884 2236 prudentia
898 2141 1050 2224 militari,
1064 2142 1233 2212 Maeeenas
1247 2136 1329 2213 vero
1345 2168 1424 2214 nos·

360 2271 413 2329 ter
426 2259 609 2352 praestigiis
625 2269 659 2326 et
672 2257 964 2326 ludificationibus
976 2267 1010 2326 et
1019 2258 1113 2326 falsis
1123 2259 1424 2356 denique-pacibus

360 2378 548 2445 effecerunt
566 2385 604 2443 ut
623 2398 743 2443 omnes
762 2375 820 2441 ille
836 2375 980 2443 aemulos
998 2375 1150 2444 vicissim
1169 2385 1203 2444 et
1222 2377 1425 2466 singillatim

362 2502 531 2564 everteret
559 2515 597 2560 ac
622 2493 663 2560 de
691 2491 806 2558 medio
832 2491 978 2558 tolleret.
1010 2490 1110 2573 Quod
1130 2493 1174 2560 ad
1200 2494 1290 2561 bella
1309 2502 1354 2577 ct,
1381 2495 1424 2564 ad

362 2611 552 2702 Agrippam
572 2615 712 2700 spectat,
730 2629 802 2674 non
821 2614 978 2674 nostrum
994 2615 1046 2674 est
1064 2630 1071 2676 :
1089 2608 1183 2699 quod
1200 2632 1283 2678 vero
1304 2610 1346 2679 ed
1366 2634 1424 2702 pa-

362 2750 418 2796 ces
435 2735 468 2794 et
487 2726 530 2794 ad
549 2725 783 2806 Maecenatem,
802 2723 838 2790 id
853 2722 1088 2814 anquiramus.

429 2843 688 2934 Supervacuum
699 2848 751 2907 est
759 2861 951 2906 memorare
963 2839 1150 2931 quomodo,
1164 2841 1318 2910 confecto
1334 2842 1424 2912 bello

362 2959 562 3042 Mutinensi,
588 2957 857 3047 consulibusque
882 2954 995 3024 Hirtio
1016 2966 1050 3024 et
1069 2958 1182 3024 Pansa
1205 2957 1241 3026 in
1261 2958 1335 3051 ipsa
1353 2960 1426 3030 vic-

361 3079 450 3148 toria
483 3077 591 3158 caesis,
622 3072 829 3144 Octavianus
861 3074 923 3142 uni
950 3072 1015 3140 sibi
1039 3073 1210 3142 exercitus
1242 3075 1427 3167 imperium

362 3195 622 3288 auspiciumque
642 3190 879 3273 vindicaverit,
909 3215 929 3258 a
954 3199 1076 3257 senatu
1105 3190 1299 3275 desciverit,
1328 3201 1362 3260 et
1389 3202 1428 3261 ut

360 3317 508 3382 Brutum
519 3309 743 3400 Cassiumque
754 3331 792 3377 ac
803 3316 935 3376 ceteros
945 3306 1064 3398 priscae
1081 3305 1248 3377 libertatis
1259 3307 1424 3392 fautores,

362 3431 404 3498 ad
421 3450 517 3520 spem
532 3447 670 3494 rursum
690 3447 725 3492 se
745 3425 928 3512 erigentes,
947 3423 1168 3516 opprimeret,
1181 3447 1259 3493 cum
1273 3425 1426 3493 Antonio

361 3544 564 3637 Lepidoque
593 3542 739 3610 alterum
776 3539 1029 3608 triumviratum
1062 3539 1288 3608 constituerit.
1328 3541 1428 3610 Multi

362 3671 436 3732 tuin
450 3661 546 3729 luere
562 3659 652 3728 inter
664 3655 852 3725 Antoniiet
867 3655 1044 3725 Octaviani
1059 3655 1192 3745 legatos
1207 3678 1424 3745 congressus,

361 3779 470 3849 multa
485 3774 669 3864 colloquia,
695 3770 821 3864 quibus
840 3771 883 3839 de
902 3770 1040 3839 foederis
1064 3771 1321 3841 conditionibus
1345 3796 1428 3862 agc-

362 3904 468 3984 retur,
486 3883 697 3980 scelestaque
717 3888 862 3956 societas
876 3895 1055 3979 peraretur
1076 3888 1099 3955 ¹.
1122 3887 1344 3956 Maecenatem
1355 3889 1429 3981 jam

410 4157 431 4203 l.
445 4152 510 4218 App.
526 4147 590 4200 Bell.
601 4149 657 4208 civ„
669 4149 713 4208 lll,
728 4149 773 4208 963
787 4145 829 4206 lV,
842 4147 864 4195 2.
874 4171 904 4180 -
914 4137 972 4207 Dio,
983 4145 1067 4231 xm,
1079 4147 1108 4196 ll
1121 4157 1178 4209 sqq.
1191 4167 1219 4183 -
1230 4145 1426 4208 Plutlncma
