3130 5064
821 589 961 644 ..66-

360 731 496 800 cunque
530 707 620 777 inter
650 709 746 778 locos
775 731 976 778 communes
1008 707 1227 778 annumerari
1259 717 1421 800 possunt,

359 824 446 894 nihil
471 834 523 893 est
546 825 639 918 quod
661 848 733 894 non
752 827 993 895 concedamus.
1014 826 1159 908 Verum,
1186 824 1215 893 si
1234 825 1278 894 ed
1300 847 1340 893 ee
1360 847 1423 894 nos

356 940 595 1030 redegerimus
610 965 686 1034 qnce
704 951 764 1011 eut
774 943 998 1026 instituenda,
1016 950 1076 1010 eut
1089 939 1258 1023 faciende,
1276 948 1336 1010 eut
1350 963 1423 1010 mu·

357 1057 461 1126 tendo
475 1058 567 1150 apud
580 1059 729 1128 Dionem
743 1059 911 1129 Maecenes
920 1058 1119 1148 Augustum
1133 1065 1264 1140 monet,
1282 1080 1354 1126 non
1370 1065 1422 1126 est

356 1196 418 1243 cur
436 1174 633 1244 dubitemus
658 1176 742 1267 quin
769 1197 891 1246 eorum
916 1175 989 1267 ipse
1017 1175 1186 1246 Maecenas
1213 1174 1421 1266 plerumque

355 1300 474 1360 auctor
492 1291 607 1361 fuerit.

413 1391 550 1477 ¹Contra
568 1409 746 1501 disputent
765 1409 865 1478 multi
886 1418 919 1478 et
934 1409 958 1477 ii
974 1408 1115 1501 quidem
1133 1429 1260 1498 magne
1274 1408 1421 1478 auetori-

354 1532 424 1593 tete
448 1523 583 1615 judiees
600 1536 624 1608 ¹,
646 1525 772 1617 quibus
792 1526 821 1593 si
841 1525 945 1594 fidem
960 1524 1136 1608 adhibeas
1158 1548 1230 1594 non
1251 1525 1287 1594 id
1309 1525 1421 1594 effecit

352 1639 431 1724 Dio,
443 1650 493 1726 ut,
506 1664 583 1733 quse
595 1642 758 1710 sensisset
767 1642 949 1726 Maecenes,
963 1642 1134 1725 edoceret,
1148 1641 1209 1712 sed
1219 1664 1295 1735 quae
1306 1642 1419 1733 reipsa

353 1757 396 1824 eb
423 1758 582 1847 Augusto
603 1759 898 1850 sequentibusque
914 1758 1131 1851 ⁴principibus
1149 1758 1316 1850 penletim
1330 1757 1419 1826 lecte

353 1882 468 1942 essent
481 1897 552 1943 une
571 1875 727 1943 oratione
747 1875 1036 1967 amplecteretur:
1055 1874 1275 1967 quaeqnidem
1295 1873 1323 1958 si
1340 1873 1418 1964 quis

354 1990 535 2059 Maeceneti
561 1990 784 2081 adjudicaret,
806 2014 876 2060 non
900 1991 1016 2060 minus
1038 1999 1168 2059 erraret
1191 2011 1296 2081 quem
1321 1989 1350 2056 si
1379 2011 1418 2058 ee

350 2129 427 2200 quae
450 2106 618 2196 Virgilius
631 2108 751 2176 AEneae
775 2108 813 2176 in
831 2107 951 2176 inieris
969 2107 1012 2178 de
1027 2107 1142 2175 future
1160 2106 1262 2176 Urbis
1280 2106 1418 2196 magni·

351 2222 471 2292 tudine
494 2225 751 2315 praemonetreri
776 2233 810 2292 et
831 2224 973 2316 praeeini
997 2223 1115 2312 fingit,
1134 2223 1256 2315 'reipsa
1275 2223 1318 2290 eb
1341 2223 1416 2292 An·

350 2337 453 2408 chisae
472 2339 544 2408 lilio
563 2339 710 2432 praevise
727 2340 834 2410 luisse
846 2339 1080 2408 contenderet.

418 2456 530 2539 Quem
544 2456 746 2550 opinionem
761 2456 896 2526 etiamsi
915 2456 1073 2526 refellere
1097 2456 1192 2524 nullo
1212 2456 1317 2525 modo
1339 2477 1417 2549 pos-

351 2593 479 2657 semus,
500 2573 587 2643 illud
607 2583 697 2642 certe
722 2574 915 2643 nolendum
933 2573 1033 2656 foret,
1064 2572 1239 2642 neminem
1263 2597 1283 2640 e
1302 2573 1415 2642 Dione

349 2690 545 2780 digniorem
559 2689 690 2771 heberi,
705 2713 810 2781 quem
823 2690 1059 2773 Maeceustem,
1073 2689 1132 2781 qui
1147 2697 1259 2758 tentes
1274 2713 1330 2758 res
1341 2711 1416 2759 sus·
1512 2737 1521 2750 ψ

348 2807 433 2875 sisse
449 2816 483 2876 et
496 2807 774 2899 preeeogitavisse
788 2806 940 2896 fingetur
961 2829 969 2876 ι
993 2805 1230 2899 quodquidem
1244 2829 1347 2878 nemo
1364 2806 1417 2878 in·

348 2921 514 2992 filiabitur
545 2922 735 3016 plurimum
763 2922 928 3016 ponderis
960 2921 1087 2990 hebere
1121 2921 1164 2991 ed
1196 2922 1415 3014 probandum

348 3049 477 3134 quante
509 3040 613 3109 luerit
643 3039 840 3110 Maecenetis
868 3039 959 3130 opud
987 3039 1187 3128 Augustum
1214 3039 1412 3109 auotoritas.

415 3157 484 3227 Sed
506 3167 545 3226 ut
567 3156 706 3246 longius
725 3155 991 3249 progrediemur
1009 3163 1043 3224 et
1056 3155 1093 3224 in
1111 3155 1244 3226 viscere
1258 3155 1413 3248 dispute-

348 3275 454 3344 tionis
474 3274 736 3356 descendemus,
754 3273 782 3340 ei
798 3272 877 3364 jure
896 3273 1117 3342 contenditur
1136 3295 1176 3341 ee
1195 3272 1336 3342 demum
1350 3273 1413 3342 hee

347 3390 545 3462 Maeeenetis
576 3389 731 3458 oratione
759 3389 928 3458 contineri
956 3412 1033 3482 quae
1061 3397 1181 3480 postea
1202 3389 1292 3458 lecte
1318 3399 1409 3474 sunt,

257 3521 259 3524 ’
345 3531 418 3578 non
432 3531 452 3576 e
467 3505 652 3577 Maecenate
673 3505 816 3598 quidem
837 3504 911 3597 ipso
929 3513 1012 3596 ¹oute
1027 3513 1190 3577 eventum
1207 3513 1409 3591 monstrate,
1474 3587 1478 3594 .
1544 3477 1545 3502 Χ

347 3625 410 3694 sed
433 3623 583 3694 eDione
601 3629 681 3715 post
703 3631 867 3694 eventum
885 3621 1081 3712 recognita,
1104 3645 1245 3694 necesse
1268 3633 1411 3696 estium

345 3897 464 3968 tiumque
483 3898 694 3961 similitudinem,
709 3898 795 3963 magis
813 3897 835 3948 si
847 3896 881 3948 ed
898 3900 983 3949 totum
1003 3898 1172 3950 sententiose
1187 3899 1314 3950 cretionis
1327 3912 1411 3964 genus

343 3983 456 4048 quamsi
468 3982 501 4033 ed
513 3983 572 4047 ipse
580 3983 662 4032 verbe
674 3978 829 4044 respexeris,
840 3978 1003 4043 deprehendi
1022 3991 1100 4042 posse
1110 3979 1275 4030 crediderim.
1291 3979 1411 4044 Exempli

343 4065 436 4131 gretie,
451 4065 543 4115 center
556 4062 679 4124 Dionem,
694 4061 746 4121 Lll,
764 4063 802 4119 16,
818 4073 879 4112 eum
891 4059 1026 4121 Sallustio,
1041 4059 1215 4121 Conticuit.

392 4149 415 4196 l.
429 4145 488 4196 vid.
501 4146 597 4210 Egger,
611 4144 729 4194 Examen
743 4140 851 4206 critique
866 4139 911 4192 des
925 4137 1061 4192 historiens
1074 4142 1179 4197 ondens
1191 4141 1223 4191 dc
1242 4140 1267 4192 to
1285 4141 1325 4194 vie
1338 4143 1363 4192 et
1376 4139 1410 4190 du

344 4225 422 4292 νέρθε
433 4223 582 4290 (linquite,
597 4231 619 4276 c;
634 4235 689 4287 vni,
700 4236 727 4288 p.
740 4223 795 4274 29⁰.
