3130 5064
778 477 919 534 ..80-

313 617 386 680 uon
400 595 474 668 sino
497 596 619 668 dolore
639 622 678 668 ac
697 599 839 672 fremitu
857 599 1010 692 qrrodam
1029 599 1124 670 velut
1153 601 1381 693 erupissevl-

311 712 445 784 deatttr.
1369 779 1373 788 .

376 820 395 890 J
399 843 454 888 am
462 842 543 888 vero
557 822 720 911 Georgica
735 821 893 914 quamvis
905 821 1033 914 optime
1044 845 1123 891 cum
1136 823 1285 912 Augusti
1300 848 1380 894 con-

309 937 397 1008 siliis
413 946 656 1026 congruerent,
677 947 712 1008 et
733 939 806 1030 ipse
826 938 988 1025 carminis
1007 939 1107 1008 initio
1131 939 1222 1010 inter
1245 941 1379 1011 deeset

311 1063 402 1122 astra
417 1055 603 1124 collocatus
618 1065 719 1139 esset,
738 1064 854 1124 tamen
865 1077 936 1124 non
956 1055 999 1124 ad
1013 1055 1134 1124 laudes
1149 1056 1223 1147 ejus
1234 1058 1379 1126 materia

309 1172 384 1263 ipsa
398 1171 602 1264 pertinebat.
626 1172 769 1240 Necnon
784 1181 896 1240 totum
912 1194 1049 1242 carmen
1064 1171 1196 1264 aliquid
1216 1183 1378 1254 mmstum

311 1288 417 1382 spirat
432 1296 466 1360 et
480 1287 594 1358 tlebile
604 1297 639 1358 et
654 1289 808 1371 anxium,
821 1312 929 1382 quum
940 1289 1131 1360 recentium
1144 1289 1378 1367 calamitatum
1416 1349 1417 1352 ,

311 1404 426 1494 imago
441 1413 552 1497 poetae
563 1405 776 1488 obversetur,
791 1413 825 1474 et
834 1415 947 1474 metus
962 1405 1111 1498 supersit
1126 1429 1169 1476 ne
1180 1429 1278 1477 novae
1291 1415 1376 1486 temff

312 1530 460 1615 pestates
487 1521 661 1610 ingruant.
686 1521 914 1616 Quapropter,
940 1545 1049 1614 quum
1069 1531 1128 1591 aut
1147 1523 1320 1616 sopientes
1339 1547 1378 1592 ac

309 1638 549 1730 philosophos,
567 1647 626 1707 aut
645 1660 725 1706 rure
739 1638 896 1707 viventes
916 1639 1111 1708 fortunatos
1128 1639 1298 1729 Virgilius
1321 1640 1377 1708 de·

280 1801 282 1808 ·
310 1755 460 1837 nuntiat,
480 1763 646 1847 tauquam
659 1743 870 1848 perfu'gium,
897 1755 957 1824 ubi
985 1764 1036 1825 tot
1055 1757 1227 1826 malorum
1247 1765 1377 1850 spocta-

293 1851 295 1854 ¹
312 1873 389 1941 culo
409 1895 447 1940 ac
462 1871 685 1942 miseratione
700 1871 877 1956 liberetur,
896 1872 1032 1964 quaerit,
1049 1897 1090 1944 ao
1106 1873 1201 1966 pacis
1208 1874 1377 1966 tranquil-

310 1988 487 2080 litatisque
497 1988 589 2056 bona
601 1987 712 2077 magis
728 1996 867 2082 exoptat
882 1988 999 2072 dubia,
1012 1999 1225 2082 quamparta
1236 2013 1274 2059 ac
1285 2000 1378 2062 certa

308 2104 445 2174 laetatur
462 2105 486 2172 ¹.

354 2201 356 2204 ⁵
375 2221 491 2290 AEueis
505 2229 624 2290 contra
639 2220 721 2290 inid
736 2230 872 2314 tempus
883 2221 1040 2304 incurrit,
1054 2244 1136 2314 quo,
1154 2223 1283 2322 pacatis
1299 2223 1379 2292 civi-

308 2337 399 2408 libus
419 2337 599 2407 discordiis
624 2337 854 2429 omnibusque
874 2337 1031 2406 hostibus
1052 2337 1244 2421 debellatis
1266 2341 1378 2410 Roma

309 2454 456 2546 gloriam
471 2463 505 2523 ct
520 2455 698 2524 desuetam
717 2454 916 2524 felicitatem
932 2463 1119 2550 receperat.
1136 2454 1234 2525 Vidit
1248 2455 1379 2526 scilicet

310 2573 396 2644 alter
406 2571 579 2640 Hesiodus
591 2572 628 2640 in
638 2579 711 2640 toto
721 2580 889 2674 terrarum
901 2572 983 2641 orbe
998 2571 1157 2640 nationes
1167 2595 1206 2642 ac
1215 2573 1375 2666 populos,

310 2689 501 2780 imperante
516 2688 644 2782 populo
661 2690 832 2771 Romane,
845 2688 1030 2758 concordia
1045 2698 1078 2758 ct
1093 2689 1208 2780 quiete
1223 2689 1378 2781 fruentes

310 2829 396 2898 quas
410 2829 590 2897 nunquam
604 2814 705 2874 antes
721 2806 853 2898 experti
868 2814 976 2874 erant.
1010 2807 1106 2875 Tunc
1129 2805 1215 2874 illud
1239 2828 1377 2878 carmen

309 2922 518 3012 excogitavit
536 2945 605 3014 quo
619 2921 771 2992 maxima
785 2921 896 3012 gloria
911 2921 954 2989 sd
965 2920 1133 3012 juvenem
1151 2922 1374 3006 redundaret,

206 3080 211 3090 ·
310 3041 462 3132 quodam
476 3039 584 3110 veluti
608 3040 751 3110 numine
773 3040 918 3109 deorum
939 3036 1165 3122 reservatum,
1186 3061 1248 3131 per
1273 3062 1378 3131 quem

314 3163 348 3224 et
361 3165 444 3227 aetas
460 3181 563 3226 aurea
580 3166 840 3250 renasceretur,
854 3163 887 3223 et
908 3155 1055 3224 fortunae
1081 3155 1201 3248 populi
1229 3157 1378 3252 Romani

309 3274 469 3342 cumulus
501 3274 748 3365 imponeretur.
785 3274 873 3341 Nam
911 3271 947 3339 id
979 3271 1171 3364 praesertim
1206 3271 1378 3360 significat

311 3389 437 3472 AErceis,
455 3389 699 3456 resllomenas
720 3397 754 3457 et
782 3388 823 3457 ab
847 3387 970 3469 AEnea,
997 3387 1109 3478 primo
1137 3386 1238 3456 Juliae
1265 3387 1377 3476 gentis

278 3579 280 3584 ,
312 3513 464 3587 auctore,
482 3504 620 3573 initium
634 3504 778 3596 cepisse,
800 3512 835 3572 et
853 3527 915 3596 per
926 3504 1137 3593 Augustum,
1153 3497 1377 3572 novissimam

314 3623 434 3692 AEneae
448 3621 663 3713 progeniem,
681 3620 725 3689 ad
747 3621 925 3710 fastigium
944 3621 1164 3712 pervenisse:
1193 3619 1285 3689 unde
1313 3643 1377 3711 po-

312 3739 385 3830 puli
401 3737 549 3806 Romani
564 3737 634 3806 ista
649 3760 727 3806 cum
746 3737 824 3805 fatis
840 3737 952 3826 gentis
965 3738 985 3806 J
989 3737 1067 3806 uliae
1087 3737 1135 3804 ita
1153 3735 1371 3828 conjungun-

311 3863 368 3924 tur
386 3863 420 3922 at
439 3863 701 3936 connectuntur,
720 3863 758 3922 ut
771 3853 845 3922 sive
856 3853 992 3946 imperii
1003 3853 1152 3921 Romani
1163 3852 1376 3920 incremento

347 4114 381 4180 t.
399 4127 463 4180 Vide
477 4127 625 4193 prasertim
635 4130 654 4189 1,
667 4090 716 4181 tes
726 4141 788 4194 sqq3
803 4128 835 4187 11,
849 4127 894 4176 458
909 4139 966 4190 sqq.
