3130 5064
559 1188 717 1275 CAPUT
755 1192 794 1274 ll

820 1427 830 1450 Ι

191 1495 325 1551 QUOMODO
346 1496 488 1544 Macalla
509 1509 523 1538 t(
543 1496 656 1544 ulouls
676 1499 713 1544 llll
734 1501 832 1546 REBUS
853 1500 989 1549 taetros
1010 1501 1121 1549 utssus
1142 1514 1155 1543 a

498 1586 661 1634 oculvtllto
683 1588 852 1636 PROFUERIT

209 1911 259 1980 Ea
273 1935 365 1980 nuno
380 1913 602 2002 aggredimur
626 1937 702 2005 quae
723 1915 947 2006 sequentibus
967 1916 1066 1983 annis
1082 1938 1207 1983 evene·
1257 1907 1259 1909 ¹

144 2037 233 2096 runt.
252 2031 291 2099 ln
306 2029 359 2097 his
375 2052 514 2120 quoque
533 2053 705 2121 perpauca
719 2039 853 2098 tantum
868 2039 902 2098 et
917 2054 1034 2123 sparsa
1048 2041 1082 2099 et
1089 2032 1208 2100 brevia

144 2145 279 2237 antiqui
316 2145 501 2236 scriptores
533 2146 634 2214 nobis
667 2146 708 2214 de
741 2146 927 2214 Maecenate
969 2146 1204 2232 tradiderunt;

141 2263 243 2358 paulo
264 2261 415 2353 apertius
430 2270 546 2329 tamen
566 2261 762 2351 significant
781 2263 864 2354 quid
892 2262 1023 2346 feeerit.

207 2378 308 2446 Errat
327 2377 448 2467 siquis
469 2376 694 2447 Octavianum
716 2377 902 2446 arbitratur
920 2379 954 2446 vi
973 2378 1077 2447 modo
1098 2387 1133 2446 et
1151 2403 1206 2448 ar-

141 2495 206 2562 mis
225 2494 269 2562 ad
288 2515 459 2562 summam
483 2493 754 2562 dominationem
775 2516 849 2562 sose
870 2494 1019 2562 erexisse
1047 2517 1053 2563 :
1078 2495 1205 2586 quippe

141 2610 223 2692 doli,
246 2619 280 2678 et
289 2609 439 2690 fraudes,
456 2618 490 2678 et
504 2609 633 2678 foedera
648 2609 774 2701 quibus
793 2610 936 2679 aemulos
957 2605 1076 2700 magis
1086 2611 1205 2680 ludere

141 2727 276 2794 solebat
299 2749 404 2817 quam
435 2726 586 2816 seipsum
615 2726 848 2814 obstringere,
882 2735 1015 2796 tantum
1037 2731 1206 2798 momenti

140 2841 335 2911 habuerunt
359 2849 526 2933 quantum
550 2841 667 2910 felices
685 2842 857 2911 bellorum
881 2852 1041 2926 eventus3
1063 2843 1146 2928 imo,
1168 2854 1206 2912 ut

139 2980 261 3027 verum
280 2957 421 3027 omniuo
444 2981 685 3050 assequamur,
711 2959 865 3049 ipsarum
889 2959 1111 3028 victoriarum
1130 2969 1205 3028 tum

138 3071 337 3171 facultatem
352 3072 531 3156 dederunt,
545 3081 618 3143 tum
632 3074 775 3165 praemia
788 3073 1008 3166 fructumque
1019 3084 1200 3144 auxerunt.

207 3190 352 3272 Quantis
373 3188 632 3259 difficultatibus
656 3190 864 3281 quantisque
887 3191 1066 3282 perieulis,
1096 3215 1204 3282 quum

68 3340 73 3344 ·
139 3306 324 3399 imperium
343 3305 527 3388 affectaret,
550 3305 721 3374 obnoxius
745 3305 952 3375 Octavianus
967 3307 1083 3390 fuerit,
1101 3329 1203 3378 nemo

140 3431 190 3491 est
204 3423 347 3514 quinon
360 3422 487 3491 videat.
504 3421 597 3491 lulio
614 3421 741 3490 Caesari
751 3445 842 3491 unus
857 3423 1014 3493 obfuerat
1025 3424 1085 3492 Cn.
1099 3425 1204 3492 Pom-

138 3539 262 3630 peius:
289 3561 367 3608 eum
385 3539 492 3608 Bruto
513 3546 547 3606 et
566 3538 696 3619 Cassio,
724 3560 801 3606 eum
829 3538 869 3606 L.
900 3538 1073 3619 Antonio,
1099 3538 1204 3605 Marci

138 3655 255 3737 fratre,
277 3678 355 3723 eum
375 3655 479 3723 Sexto
495 3636 675 3745 Pompeio,
697 3663 970 3744 postremorum
985 3654 1030 3721 Μ.
1050 3653 1204 3722 Antonio

141 3771 318 3839 triumviro
339 3769 585 3839 decertandum
604 3767 792 3838 Octaviano
812 3768 887 3836 fuit.
910 3769 1010 3837 Addo
1025 3769 1203 3843 turbulen-

139 3897 208 3957 tam
231 3887 384 3978 plebem,
408 3886 587 3956 seditiosas
615 3885 770 3974 legiones
794 3894 827 3952 et
847 3885 1097 3955 discordiarum
1120 3885 1204 3985 eivi-

138 4003 225 4073 lium
245 4002 475 4094 impatientes,
499 4010 646 4071 secretas
671 4000 706 4067 in
731 4001 805 4092 ipsa
826 4000 911 4069 urbe
936 3989 1201 4092 conjurationes.

139 4118 329 4204 Maximum
344 4127 459 4188 autem
473 4119 665 4210 perieulum
681 4125 754 4184 erat
771 4140 815 4186 ne
832 4140 951 4187 omnes
967 4117 1059 4186 illius
1073 4117 1202 4218 aemuli,
