3130 5064
812 554 936 606 ...8.-

340 655 439 767 rique
461 685 520 745 aut
538 677 628 745 mele
644 678 860 769 exploratum
884 677 1023 761 habent,
1044 679 1226 748 autetiam
1252 680 1311 749 vix
1330 703 1405 752 sus·

339 793 446 884 picari
466 792 651 884 aliqnando
676 794 848 862 videntur.
874 793 1079 886 Quanquam
1098 795 1274 864 neminem
1288 797 1406 866 forsan

338 910 490 1001 reperire
511 919 563 977 est
582 910 641 1001 qui
657 918 716 981 aut
729 909 897 1000 majoram
911 933 1028 979 rerum
1042 912 1272 981 mutationem
1295 913 1331 980 in
1356 914 1405 981 ci-

337 1027 443 1095 vitate
458 1026 595 1109 viderit,
617 1034 676 1094 aut
693 1025 730 1094 in
754 1026 930 1094 molienda
949 1027 1227 1119 absolvendaquc
1247 1029 1307 1097 illa
1330 1029 1404 1120 ipsa

337 1143 528 1210 mutatione
559 1142 727 1233 majorem
756 1164 897 1234 operam
925 1144 1187 1235 consumpserit.
1218 1144 1258 1212 ld
1288 1154 1403 1215 autem

337 1259 516 1351 proprium
535 1281 573 1326 ac
592 1258 765 1349 peculiare
792 1247 989 1327 Maecenatis
1012 1259 1088 1342 fuit,
1114 1268 1153 1328 ut
1170 1283 1242 1328 non
1257 1240 1327 1328 tam
1347 1285 1401 1329 ar·
1443 1251 1446 1258 ¹

337 1374 403 1441 mis
424 1382 457 1442 et
479 1373 602 1441 militia
621 1382 798 1464 praestaret
816 1397 921 1465 quam
945 1373 1089 1442 consilio
1115 1383 1148 1442 et
1166 1376 1350 1466 prudentia
1369 1387 1403 1446 ct

337 1490 521 1558 calliditate
545 1512 552 1558 :
574 1488 793 1581 qnaequidem
813 1489 945 1572 omnia,
968 1489 996 1557 si
1016 1513 1087 1558 non
1105 1491 1221 1559 minus
1243 1492 1279 1559 in
1298 1493 1402 1562 rebus
1458 1479 1460 1484 ⁸

264 1688 269 1696 1
336 1607 496 1674 humanis
521 1605 649 1687 valent,
674 1604 790 1672 minus
814 1613 929 1673 tamen
956 1607 1150 1698 splendoris
1176 1607 1303 1676 hahent
1332 1632 1400 1700 quo

335 1723 521 1816 aequelium
535 1731 796 1814 posterorumve
811 1722 902 1790 oculi
916 1724 1203 1814 perstringentur.
1226 1724 1401 1807 Quantum

335 1840 491 1932 Agrippa
508 1839 667 1928 Angusto
689 1838 869 1930 profuerit,
897 1839 1058 1908 omnibus
1085 1849 1180 1931 patet
1203 1863 1210 1910 :
1232 1849 1400 1932 quantum

335 1956 506 2049 profuerit
528 1956 713 2038 Maeones,
739 1955 867 2023 multos
891 1955 991 2044 fugit.
1012 1957 1102 2024 Nam
1120 1955 1290 2047 quidquid
1308 1956 1401 2024 mili·

334 2074 453 2154 tando,
474 2073 674 2164 pugnando,
703 2073 874 2142 vincendo
893 2073 981 2162 hene
1001 2072 1216 2164 feliciterque
1237 2074 1397 2168 gesseris,

334 2198 493 2281 apertum
517 2197 569 2257 est
584 2197 618 2258 et
640 2190 739 2281 quasi
759 2190 795 2257 in
817 2197 1039 2280 conspectum
1061 2189 1152 2257 cadit
1173 2211 1180 2257 :
1203 2190 1395 2272 consulere,

332 2305 529 2397 providere,
552 2328 684 2388 cavere,
701 2306 737 2373 in
753 2306 893 2373 secretis
912 2304 1067 2373 conciliis
1083 2305 1226 2372 suadere
1251 2313 1310 2372 aut
1328 2305 1398 2373 dis-

334 2423 492 2504 suadere,
510 2421 615 2489 iretos
630 2422 777 2512 placare,
799 2421 994 2489 invidentes
1009 2414 1042 2490 et
1057 2421 1264 2512 suspiciosos
1279 2422 1323 2489 ad
1336 2421 1398 2490 be-

333 2538 567 2607 nevolentiam
586 2537 816 2628 fiduciamque
841 2559 1014 2621 revocare,
1038 2560 1078 2606 ea
1097 2537 1177 2632 sunt
1191 2561 1268 2629 quae
1284 2555 1398 2630 neque

332 2653 479 2735 intueri,
501 2676 614 2744 neque
634 2675 748 2735 nosse,
770 2652 837 2719 nisi
861 2652 1010 2745 quadam
1030 2653 1227 2744 conjectura
1248 2661 1282 2720 et
1303 2653 1398 2746 velut
1445 2683 1446 2686 ¹

334 2770 560 2852 divinatione,
580 2770 764 2860 possimus.
783 2769 852 2837 Sed
871 2792 911 2837 aa
926 2792 1064 2862 quoque
1085 2768 1251 2837 divinatio
1272 2776 1324 2838 est
1342 2769 1396 2837 cni

333 2887 427 2956 haud
445 2886 556 2978 impar
569 2885 760 2976 reperiatur
776 2884 803 2951 si
823 2885 900 2976 quis
916 2908 987 2953 non
1001 2894 1135 2954 tantum
1150 2908 1227 2976 quae
1242 2908 1297 2953 res
1316 2909 1396 2954 eve-

333 3003 447 3072 nerint
466 3001 635 3083 didicerit,
658 3000 718 3068 sed
737 3001 821 3092 quid
845 3001 909 3068 sibi
929 3000 1037 3070 velint
1058 3001 1285 3084 intellexerit,
1307 3025 1396 3093 quo-
1442 2993 1444 2996 ⁵

332 3121 437 3189 modo
453 3119 528 3186 alica
545 3141 587 3186 ex
602 3116 678 3185 aliis
692 3125 872 3185 nectantur
894 3117 1120 3209 perspexerit,
1145 3126 1314 3210 quantum
1336 3118 1395 3186 de-

331 3237 436 3328 nique
453 3258 509 3303 cas
524 3234 705 3303 hominum
719 3233 863 3300 consilia
878 3242 913 3301 et
925 3234 1122 3302 voluntates
1136 3233 1396 3325 praemoliantur

252 3371 254 3374 ’
330 3355 442 3445 iisque
457 3352 692 3432 moderentur,
714 3349 964 3440 dijudicaverit.

396 3468 509 3560 Hujus
523 3466 618 3534 modi
639 3465 899 3556 indagationem
917 3490 1025 3559 prope
1050 3467 1166 3536 nullus
1183 3489 1316 3549 eorum,
1335 3467 1394 3559 qui

263 3673 267 3679 Ι
328 3587 370 3655 de
385 3587 571 3654 Maecenate
582 3585 804 3676 scripserunt,
822 3583 910 3651 iniit.
930 3585 1029 3666 Nam,
1046 3592 1084 3651 nt
1102 3583 1180 3652 illos
1196 3582 1394 3652 omittamus

327 3703 385 3796 qui
409 3710 612 3794 perpetuam
639 3723 756 3769 rerum
780 3723 1003 3769 romanarum
1022 3708 1081 3768 aut
1104 3700 1225 3768 saltem
1245 3699 1393 3794 Augusti

326 3819 539 3911 principatus
569 3817 749 3886 historiam
780 3817 956 3906 aggressi,
993 3799 1216 3885 Macenatem
1250 3815 1390 3883 nonnisi

326 3937 476 4029 quadam
497 3958 540 4004 cx
565 3943 661 4027 parte
686 3936 886 4023 attigerunt,
909 3932 937 3999 si
958 3933 1001 4001 ad
1020 3934 1098 4000 illos
1117 3955 1181 4001 nos
1205 3931 1392 4000 contuleri-

324 4077 402 4121 mus
419 4053 477 4144 qui
498 4053 626 4121 daune
642 4052 829 4121 Maecenate
848 4051 956 4118 libros
972 4049 1171 4132 condidere,
1193 4048 1392 4119 Mettomize

323 4170 359 4239 id
384 4178 519 4238 tantum
533 4177 735 4261 persecutus
755 4176 816 4252 est,
839 4177 877 4236 nt
896 4189 1016 4235 omnes
1036 4176 1192 4236 veterum
1211 4173 1391 4233 auctorum
