3130 5064
804 530 946 586 ..gg-

409 654 524 734 Quum
553 675 635 722 vero
664 655 832 724 Maecenas
857 655 899 724 de
926 679 963 726 re
991 658 1187 726 nummaria
1214 659 1409 728 ordinanda

340 766 490 852 disserit,
519 793 682 858 magnam
709 771 894 863 quamdam
923 781 957 841 et
984 773 1195 862 singularem
1214 785 1407 844 commuta-
1463 817 1465 820 ·

339 886 472 956 tionem
491 889 622 972 suadet,
645 911 750 980 quam
764 887 857 981 apud
875 890 1036 982 antiquos
1056 892 1285 981 excogitatam
1299 893 1406 963 fuisse

339 1025 447 1096 prope
461 1005 663 1074 incredibile
673 1006 811 1076 videtur
823 1009 846 1073 ¹.
861 1005 994 1098 Quippe
1006 1029 1107 1097 agros
1122 1017 1157 1076 et
1167 1009 1406 1100 possessiones

338 1119 505 1210 publicas,
531 1145 617 1213 quas
638 1130 779 1214 propter
797 1121 888 1189 bella
911 1122 1025 1192 civilia
1048 1123 1173 1191 multas
1197 1145 1272 1192 esse
1297 1124 1403 1208 videt,
1485 1097 1491 1112 ¹

337 1237 537 1306 vendendas
556 1231 684 1320 ceriset,
703 1246 737 1304 et
755 1237 938 1329 pecuniam
959 1259 1098 1307 omnem
1112 1261 1188 1329 quae
1203 1239 1405 1310 venditione

339 1353 462 1422 cadem
482 1363 580 1445 parta
597 1353 704 1422 fuerit
726 1362 884 1422 mutuam
904 1377 978 1422 esse
998 1354 1165 1438 dandam,
1184 1354 1276 1422 unde
1296 1377 1405 1446 quum

237 1479 240 1486 ’
340 1469 425 1538 alias
440 1469 714 1553 commoditates
732 1470 946 1539 tumrcditns
958 1479 992 1539 ct
1005 1493 1174 1563 perennes
1190 1479 1223 1538 et
1238 1470 1319 1540 satis
1335 1494 1405 1539 am·

338 1585 415 1676 ples
429 1585 626 1678 reipublicae
636 1587 711 1656 fore
722 1587 898 1678 praevidet.
917 1587 1161 1678 Quodquidem
1175 1607 1405 1678 permagnum

338 1701 534 1786 consilium,
561 1711 596 1772 et
622 1712 703 1772 tunc
723 1703 888 1796 temporis
908 1703 1050 1771 omnino
1076 1726 1218 1786 novum,
1242 1726 1311 1796 quo
1334 1726 1405 1772 res-

337 1818 475 1909 publica
497 1820 680 1911 pecuniam
696 1820 770 1912 jam
795 1843 866 1888 non
876 1827 1032 1888 mutuam
1052 1820 1231 1912 acciperet,
1253 1828 1292 1890 ut
1312 1842 1404 1910 saepe

338 1944 438 2004 antea
453 1936 582 2005 factum
600 1945 676 2004 erat
694 1946 719 2019 ²,
741 1919 801 2005 s'ed
818 1936 926 2019 daret,
951 1945 984 2003 et
997 1935 1158 2004 aerarium
1172 1935 1270 2027 quasi
1290 1935 1329 2004 in
1342 1959 1404 2027 pu-

338 2051 463 2126 blicam
473 2053 659 2144 quamdam
670 2052 902 2142 argenteriam
917 2061 1175 2122 converteretur
1186 2062 1210 2135 ³,
1224 2075 1404 2143 nunquam

338 2167 382 2236 ad
406 2168 565 2237 effectum
584 2169 752 2260 pervenit.
775 2168 874 2238 Unde
895 2169 1001 2257 igitur
1024 2169 1089 2236 hoc
1105 2168 1241 2238 Cassius
1255 2167 1320 2236 Dio
1337 2167 1401 2236 du-

337 2305 414 2352 cere
432 2283 546 2376 potuit
565 2293 598 2352 et
612 2285 649 2353 in
664 2284 751 2353 hanc
769 2284 964 2355 orationem
978 2284 1184 2352 transferre?
1197 2283 1269 2352 Aut
1282 2306 1402 2376 quern,

337 2399 405 2469 nisi
424 2401 658 2484 Maecenatem,
674 2400 777 2493 hujus
792 2411 968 2470 auctorem
983 2401 1090 2470 luisse
1109 2401 1329 2493 putabimus?

401 2518 534 2586 Rursus
562 2518 653 2586 inter
681 2541 721 2586 ea
749 2542 825 2610 quae
850 2519 902 2618 ab
920 2519 1086 2607 Augusto.
1107 2517 1401 2610 sequentibusque

335 2632 549 2725 principibus
573 2633 729 2702 instituta
750 2633 847 2704 fuere
872 2643 931 2702 aut
948 2642 1095 2718 mumta,
1117 2611 1284 2702 nonnulla
1307 2643 1401 2718 sunt,

296 2737 298 2744 ’
337 2757 372 2817 et
387 2772 427 2816 ca
442 2748 583 2842 quidem
597 2749 689 2818 haud
711 2749 895 2819 mediocris
908 2751 1088 2833 momenti,
1112 2750 1153 2819 de
1170 2751 1295 2843 quibus
1309 2749 1403 2843 apud

335 2865 484 2935 Dionem
503 2866 673 2940 Maecenas
692 2875 792 2936 tacet.
809 2866 925 2960 Atque
949 2876 988 2936 ut
1011 2867 1169 2960 exempla
1187 2867 1244 2936 hic
1261 2890 1403 2960 quoque

334 2968 561 3075 proferemus,
588 2983 676 3052 nihil
699 2983 741 3052 de
766 2983 946 3052 notissima
967 2983 1027 3052 illa
1046 2983 1303 3076 provinciarum
1318 2983 1403 3054 divi-

334 3098 445 3184 sione,
473 3123 622 3193 quarum
649 3101 798 3190 Augusti
827 3099 915 3186 aliae,
945 3100 1020 3169 aliae
1050 3109 1188 3171 senatus
1211 3100 1401 3194 populique

284 3315 287 3321 ¹
382 3299 405 3346 1.
422 3295 555 3358 Dio,'L11,
571 3298 610 3348 28.
623 3323 653 3334 -
672 3297 710 3346 De
731 3297 782 3347 hoc
798 3296 859 3347 vide
873 3298 1147 3360 Dureau-Delamalle,
1163 3284 1318 3350 ddconomie
1333 3297 1400 3364 poli·

334 3371 405 3439 tique
415 3372 475 3424 obaz
492 3373 527 3424 les
540 3375 669 3436 Romaim,
684 3378 704 3426 t.
717 3377 750 3436 ll,
764 3389 791 3438 p.
806 3377 860 3426 331.

381 3457 483 3520 neap.
502 3457 598 3520 ancyr.
614 3457 663 3506 col.
680 3458 703 3508 3.
722 3473 733 3500 «
749 3457 846 3516 Quater
857 3458 971 3522 pecunie
984 3472 1044 3510 mea
1054 3459 1112 3524 juvi
1125 3459 1285 3520 ramnum»
1298 3460 1370 3509 ate...

220 3543 223 3552 “
335 3536 373 3588 Gi.
388 3538 415 3588 T.
429 3536 494 3598 niv,
507 3536 595 3599 xxiv,
609 3537 749 3598 183xxvl,
766 3539 808 3600 36;
823 3538 911 3600 Xlllll,
926 3542 968 3602 163
979 3539 1065 3601 xxxl,
1082 3541 1125 3601 l3;
1137 3540 1197 3590 Tae.
1207 3537 1283 3598 Hira,
1300 3536 1343 3598 lV,
1357 3537 1400 3598 ll;

333 3617 413 3679 Flor„
428 3618 461 3680 ΙΙ,
476 3622 501 3670 6.

364 3703 389 3750 3.
403 3699 502 3764 Nempe
517 3698 546 3750 id
561 3698 758 3751 instituendum
780 3701 910 3751 Macenaa
933 3702 1026 3754 monet
1049 3697 1122 3764 qued
1152 3699 1251 3750 Gallice
1270 3699 1405 3750 diceretur

333 3780 434 3848 danque
458 3781 589 3848 pudtique.
612 3783 668 3830 lmo
688 3793 761 3842 vero,
784 3781 813 3830 in
836 3781 930 3832 eodem
949 3793 1006 3844 cap.
1026 3780 1270 3842 xxr111,enucleata
1288 3779 1402 3844 explicat

332 3861 404 3926 quod
413 3860 510 3911 Gallice
522 3861 655 3920 diceretur
664 3860 789 3927 equilidrc
798 3860 834 3910 du
844 3859 948 3926 oudqer.
957 3861 1013 3911 Hoc
1023 3859 1117 3912 saltem
1127 3859 1242 3910 alterum
1249 3858 1400 3909 Maecenatis

331 3941 474 3992 consilium
490 3955 546 3992 non
571 3941 677 3991 irritum
691 3940 807 3992 evasisse
820 3941 884 3992 satis
899 3941 977 3992 docet
994 3940 1062 3991 illud
1079 3939 1242 3990 Brevioriam
1258 3941 1305 3989 aut
1318 3939 1401 3988 Ratio-

329 4022 433 4072 nes-iam
453 4023 530 4072 totius
552 4023 664 4088 impedi,
678 4022 711 4072 de
733 4035 787 4086 quo
801 4021 863 4072 vide
877 4022 947 4083 Tac,
959 4021 1039 4082 Ana,
1055 4022 1076 4082 l,
1092 4023 1131 4082 ll;
1149 4019 1233 4082 Suet,
1250 4019 1327 4084 deq,
1346 4021 1399 4080 101,

330 4106 357 4154 et
374 4102 469 4168 calip„
484 4105 527 4165 163
541 4102 619 4154 Dion.
638 4102 699 4164 LVI,
713 4106 753 4155 33.
772 4131 802 4141 -
817 4103 854 4154 el.
872 4103 968 4168 Egger,
983 4102 1012 4152 in
1024 4100 1178 4153 doctissimo
1188 4099 1244 4160 illo,
1259 4099 1399 4164 quemjam

330 4181 508 4246 laudavimus,
518 4182 597 4248 libro,
613 4183 730 4235 anmen
742 4184 859 4250 critique,
872 4187 942 4235 etc...
954 4183 1031 4247 chop.
1044 4195 1061 4244 1,
1073 4183 1137 4232 sect.
1147 4195 1174 4243 n,
1183 4193 1210 4246 p.
1222 4182 1252 4232 3⁰
1263 4183 1291 4230 et
1300 4181 1329 4232 ³9
1341 4193 1398 4244 sqq.
