3130 5064
661 457 803 516 ..ii-

200 586 243 656 ad
258 585 346 654 banc
365 583 641 678 componendam
653 585 858 654 orationem
872 606 955 655 usus
975 594 1037 669 ast,
1054 585 1197 679 perinde
1217 593 1270 656 ao.

200 725 267 796 que
287 701 329 770 ad
350 702 543 770 orationem
558 700 775 770 scribendam
794 719 934 794 quamn
949 703 1076 772 Calarm
1100 703 1264 774 adversus

200 819 402 888 Ciceronem
420 817 573 886 habitam
592 817 707 901 refert,
726 819 763 888 iu
780 819 925 888 Antonii
944 833 1116 915 ἀντιγραφαῖς
1129 828 1265 916 aptarat<

198 945 381 1015 Φιλιππικοὺς
399 935 507 1004 multa
525 934 695 1026 reperisse
709 935 847 1004 videtur
864 938 889 1004 ¹.

169 1035 173 1044 ’
265 1055 426 1142 Longum
443 1061 495 1122 est
510 1075 712 1122 enumerare
733 1077 809 1146 quaa
829 1054 999 1123 Maeoenas
1022 1055 1065 1122 de
1086 1053 1265 1124 ordinibus

198 1170 338 1253 civium,
360 1171 403 1238 de
423 1170 522 1239 novis
536 1169 793 1259 magistratibus
813 1170 1045 1255 instituendis,
1068 1171 1110 1240 de
1125 1171 1263 1240 tributis

199 1311 239 1358 ac
256 1287 495 1376 vectigalibus,
513 1287 556 1355 de
575 1287 673 1354 Italia
691 1287 948 1380 provinciisque
969 1288 1262 1372 administrandis,

200 1405 242 1473 de
270 1405 349 1496 jure
378 1403 523 1472 dicendo
548 1426 586 1471 ac
610 1403 652 1471 de
677 1403 771 1471 omni
795 1427 902 1496 prope
930 1404 1105 1496 republica
1133 1413 1261 1474 censat.

200 1522 356 1605 Quorum
372 1520 400 1589 si
421 1520 557 1609 singula
576 1543 823 1616 recognoscere
842 1521 1095 1613 inciperemus„
1107 1546 1126 1590 a
1140 1546 1264 1615 propo·

199 1638 264 1705 sito
291 1645 409 1724 nostro
430 1635 473 1704 ad
493 1636 529 1705 id
539 1635 613 1727 jam
637 1636 889 1720 delaberemur,
911 1647 960 1721 ut,
979 1662 1056 1730 quae
1079 1638 1184 1707 fuerit
1202 1639 1266 1708 sub

198 1755 357 1844 Augusto
378 1753 549 1822 ordinatio
574 1752 771 1845 reipublicae
790 1755 965 1847 totiusque
983 1755 1121 1846 imperii
1149 1756 1261 1825 admi-

198 1871 368 1954 nistratio,
381 1871 641 1962 inspiceremus.
659 1871 810 1939 Eatenus
825 1871 898 1939 haec
913 1871 955 1956 de
970 1871 1166 1940 Maecenatis
1187 1895 1262 1942 ora-

199 1989 294 2058 tione
314 1988 509 2080 disquisitio
529 1988 770 2080 persequenda
788 1997 873 2071 erat,
890 1997 929 2057 ut
957 1990 1262 2081 comprobaremus

198 2106 396 2196 Augustum
415 2104 572 2172 suadenti
592 2105 770 2174 Maecenati
785 2127 856 2173 uon
876 2112 1012 2198 sempor
1030 2105 1183 2197 quidem,
1201 2107 1262 2176 sed

198 2222 387 2314 sepissime
408 2221 610 2289 obsecutum
630 2242 717 2305 esse,
740 2229 776 2289 et
795 2221 990 2290 Maecenatis
1010 2222 1162 2315 denique
1177 2245 1260 2294 eon-

199 2338 275 2407 silia
288 2340 493 2430 plerumque
512 2338 673 2407 valuisse.

262 2454 361 2537 Quod
378 2463 416 2527 ut
435 2455 540 2524 etiam
553 2455 665 2544 magis
688 2463 861 2546 appareat,
883 2455 995 2547 placet
1020 2455 1063 2536 ad
1088 2477 1260 2526 summam

194 2595 312 2641 rerum
332 2572 516 2664 respicere,
534 2579 579 2654 et,
597 2594 701 2664 quam
712 2571 754 2640 ad
770 2572 940 2642 rationem
956 2596 994 2640 ac
1005 2594 1164 2641 normam
1183 2595 1258 2642 sose

193 2689 321 2758 rexerit
334 2689 524 2778 Augustus,
545 2711 738 2757 memorare
756 2711 763 2758 :
781 2710 905 2781 nempe
928 2689 996 2757 illis
1010 2689 1159 2780 Augusti
1174 2689 1257 2759 arti-

192 2805 257 2874 bus
277 2829 315 2874 ac
329 2804 455 2874 rationi
476 2803 687 2894 singularem
702 2805 889 2897 quamdam
908 2805 1014 2874 fuisse
1035 2829 1114 2875 cum
1133 2807 1257 2875 Maece-

192 2922 432 3011 natisiugenio
449 2930 483 2990 et
500 2921 656 2990 moribus
675 2922 950 3010 congruentiam,
963 2922 1125 2991 facillime
1145 2929 1258 2992 osten·

194 3037 305 3107 detur.

255 3267 312 3349 Ut,
330 3266 414 3358 quid
429 3266 466 3335 iu
481 3266 578 3336 omni
593 3266 671 3337 vitae
686 3266 820 3336 ratione
836 3266 1100 3357 diligentissime
1119 3267 1255 3359 Augus·

189 3391 243 3451 tus
263 3391 296 3451 ot
308 3378 505 3452 felicissime
526 3384 706 3468 ornaverit,
724 3408 794 3454 uuo
809 3385 915 3455 verbo
932 3386 1149 3477 complectar,
1167 3385 1254 3456 invi-

190 3499 282 3569 diam
307 3500 408 3568 cavit.
435 3501 524 3569 Nam
548 3501 580 3570 ei
603 3525 665 3593 pro
686 3502 895 3572 documento
920 3501 1089 3571 eratJulii
1111 3501 1253 3570 Gaesoris

190 3615 312 3698 caedes,
339 3639 456 3708 quem,
483 3617 629 3709 imperio
648 3618 814 3711 potitum,
836 3627 1019 3711 propterea
1036 3616 1180 3709 periisse
1199 3618 1253 3687 vi-

189 3731 301 3815 debat,
318 3733 413 3823 quod
427 3754 464 3800 se
484 3732 665 3803 domiuum
685 3758 724 3803 ac
747 3743 934 3828 tyrannum
951 3732 1102 3825 apertius
1117 3732 1253 3802 confas-

189 3869 245 3917 sus
261 3857 362 3932 esset,
381 3857 415 3917 et
428 3850 564 3940 regium
580 3851 684 3920 etiam
693 3873 835 3935 nomen,
848 3874 917 3943 quo
929 3851 971 3918 ab
982 3848 1252 3918 assentatoribus

230 4031 260 4156 39
271 4028 433 4090 Wilmanns,
453 4029 485 4080 de
508 4030 599 4081 Dionis
616 4030 699 4082 Cassii
713 4029 838 4096 sontibus,
854 4044 877 4102 c.
899 4043 933 4090 vr,
947 4043 973 4093 p.
986 4029 1015 4078 32
1030 4040 1087 4091 sqq.
1102 4025 1140 4076 Gi.
1155 4027 1252 4092 Egger,

165 4118 211 4168 r·
261 4109 284 4156 2·
534 4108 540 4124 “
