3130 5064
568 522 760 601 ’47-

159 671 582 763 bantur,'quosPraesectos
599 671 682 738 Urbi
691 671 860 761 feriarum
871 670 1055 739 latinorum
1063 691 1140 737 mos
1150 676 1223 736 erat

161 787 345 878 appellare.
364 787 407 885 Et
425 787 490 854 hoa
506 787 647 879 quidem
662 786 710 854 ita
723 787 826 855 inane
838 786 964 856 veteris
980 785 1129 854 instituti
1144 784 1222 852 imi-

161 909 353 970 tamentum
381 901 583 984 habebatur,
618 911 657 970 ut
677 902 853 971 interdum
881 900 1146 970 adolescentulis
1165 899 1224 969 vix

161 1017 372 1112 praetextatis
387 1041 427 1086 ea
442 1017 618 1107 dignitatis
629 1018 745 1108 imago
765 1004 927 1087 mandata¹
940 1017 1044 1086 fuerit
1065 1021 1088 1084 ¹.

229 1134 405 1214 Quantum
423 1133 465 1200 ab
485 1133 681 1202 istiusmodi
710 1134 862 1223 imagine
882 1133 1017 1203 differat
1045 1155 1085 1200 ea
1112 1140 1226 1223 potes-

163 1257 214 1318 tas
239 1272 308 1340 qua
331 1249 501 1317 Maeeenas
524 1249 663 1318 functus
687 1258 750 1333 est,
779 1249 861 1318 satis
880 1256 974 1340 patet
995 1270 1003 1316 :
1025 1269 1088 1315 nee
1105 1247 1226 1314 vminus
1322 1305 1325 1310 .

162 1381 305 1456 prorsus
319 1364 361 1432 ab
376 1363 437 1432 illa
454 1364 557 1434 Urbis
575 1366 780 1458 praefeotura
802 1364 982 1434 differebat
999 1385 1076 1455 quae
1092 1363 1134 1431 ab
1153 1362 1227 1431 Au-

164 1489 265 1570 gusto
294 1479 457 1572 posthaea,
475 1480 549 1572 ipso
566 1481 752 1549 Maeeenate
780 1489 932 1563 auctore,
953 1479 982 1547 si
1004 1479 1108 1548 Dioni
1123 1478 1228 1546 fidem

164 1595 375 1680 adhibueris,
396 1596 553 1664 instituta
567 1597 643 1679 fuit,
671 1606 704 1664 et
723 1596 786 1664 sub
811 1596 972 1666 omnibus
987 1595 1112 1673 deinde
1130 1593 1227 1686 prin-

164 1712 298 1804 cipibus
313 1712 461 1781 duravit.
483 1713 573 1781 Nam
587 1713 755 1782 Maecenas
779 1713 926 1781 absente
939 1711 1078 1780 tantum
1094 1710 1227 1780 Gaesare

165 1838 200 1898 et
222 1829 259 1897 in
278 1838 415 1921 tempus
437 1838 607 1922 potestate
626 1830 852 1919 fungebatur;
874 1829 1026 1922 praefecti
1048 1837 1164 1896 autem
1185 1827 1227 1895 ab

164 1945 323 2034 Augusto
357 1945 505 2014 instituti
538 1955 744 2038 perpetuum
761 1967 906 2029 munus,
933 1944 1036 2014 etiam
1058 1951 1227 2035 praesente

164 2061 332 2154 principe,
354 2062 571 2146 exercebant,
592 2085 706 2154 neque
726 2070 805 2130 ante
823 2070 972 2132 mortem
998 2082 1124 2129 exuere
1143 2058 1230 2128 sole·
1306 2087 1307 2090 ¹

165 2177 260 2246 bant.
290 2177 405 2270 Atque
433 2187 473 2247 ut
504 2201 581 2270 quae
609 2179 759 2246 maxime
783 2177 977 2271 discrepant
1006 2177 1228 2265 attingamus,

166 2294 389 2374 Maeoenatem
403 2293 469 2362 Dio
484 2294 589 2363 refert
602 2294 760 2384 Augusto
777 2294 924 2362 suasisse
939 2303 978 2362 ut
992 2293 1230 2385 prefecturam

166 2410 268 2479 Urbis
296 2410 429 2480 nemini
447 2410 524 2489 nisi
539 2409 699 2478 omnibus
722 2410 913 2479 honoribus
931 2387 1230 2502 perfrmeto'man-

167 2527 281 2610 daret;
303 2526 552 2619 quodquidam,
570 2535 604 2595 et
617 2527 775 2616 Augusto
791 2527 997 2619 imperante,
1015 2535 1049 2621 et
1065 2534 1144 2617 post
1160 2525 1232 2594 Au·

167 2651 320 2746 gustum,
345 2643 455 2712 valuit
477 2665 484 2712 :
506 2642 675 2712 Maeeenas
699 2652 827 2732 autem,
855 2665 964 2735 quum
991 2643 1082 2711 ultra
1105 2663 1229 2733 eques-

166 2767 255 2828 trem
274 2758 431 2828 ordinem
449 2759 612 2850 progredi
626 2759 805 2842 noluisset,
827 2783 870 2828 ne
888 2759 1069 2851 pervenire
1089 2758 1229 2850 quidem

167 2875 211 2944 ad
231 2875 267 2944 id
280 2875 492 2968 praefeeturae
514 2898 624 2964 genus
651 2883 785 2967 poterat
808 2875 904 2966 eujus
927 2875 1131 2944 instituendi
1154 2899 1231 2943 aua-

167 3000 222 3059 tor
235 2991 312 3060 fuit.
325 2992 420 3070 ldae,
439 2992 467 3059 si
483 2991 566 3084 quid
580 2990 731 3082 reperire
746 2991 959 3060 voluerimus
972 2991 1066 3082 quod
1081 3014 1159 3059 eum
1173 3013 1232 3081 po-

167 3115 289 3177 testate
305 3132 324 3176 a
343 3109 529 3177 Maeeonate
549 3109 694 3177 tolerata
709 3109 861 3201 aliquam
876 3108 1078 3176 affinitatem
1093 3107 1229 3188 habeat,

169 3223 337 3316 nequead
351 3224 472 3292 inanes
486 3224 751 3316 illospraeseetos
769 3224 851 3292 Urbi
855 3225 1024 3315 seriorum
1034 3223 1229 3305 latinorum,

169 3340 338 3432 nequead
353 3340 527 3410 Statilium
537 3341 690 3408 Taurum
705 3349 739 3409 et
752 3340 792 3408 L.
805 3340 989 3409 Pisonem’
1006 3339 1065 3432 qui
1080 3337 1144 3409 sub
1158 3339 1232 3408 Au-

170 3465 271 3546 gusto
285 3457 437 3548 posthaeo
456 3456 664 3549 Tiberioque
679 3456 917 3548 prefecturam
935 3457 1037 3526 Urbis
1052 3463 1234 3546 gesserunt

171 3571 425 3666 respiciendum
449 3573 525 3656 erit,
555 3573 616 3640 sed
636 3573 764 3666 potius,
785 3582 824 3640 ut
846 3572 981 3664 opinor,
1009 3572 1052 3640 ad
1070 3573 1234 3640 Dentrem

172 3690 372 3759 Romulium
392 3698 426 3758 et
449 3690 491 3758 ad
512 3689 676 3780 Spurium
704 3689 904 3758 Lucretium
933 3688 1104 3780 aliosque,
1131 3697 1232 3779 quot-

172 3814 258 3897 quot
285 3814 376 3890 sunt,
406 3829 493 3904 qnos
516 3806 621 3900 primi
638 3828 739 3896 reges
763 3814 797 3872 et
822 3805 980 3873 eonsules
1009 3804 1151 3872 omnino
1181 3803 1234 3871 sui

172 3921 319 3992 vicarios
334 3907 609 4012 designaverant,
627 3945 740 4014 neque
755 3921 834 3990 fieta
853 3930 887 3990 et
901 3921 1152 4003 commenticia,
1174 3921 1235 3988 sed

222 4108 244 4155 I.
259 4105 316 4167 Dio,
329 4105 417 4166 XLIII,
430 4107 473 4166 423
485 4104 550 4165 LIII,
565 4107 602 4154 16.

221 4188 244 4236 2.
259 4188 317 4236 'Iaa
333 4187 376 4249 VI,
393 4189 429 4236 II.
