3130 5064
777 519 918 572 „14-

315 639 463 709 libenter·
495 641 700 709 crediderim
728 639 962 722 Maecenatem,
993 640 1143 731 equestri
1177 639 1311 722 ordine,
1346 648 1380 708 et

316 764 398 823 tunc
426 756 603 846 juvenem,
634 757 670 825 in
691 756 750 825 illo
778 756 930 824 exercitu
953 755 1168 839 militavisse,
1198 779 1237 824 ac
1264 755 1379 846 potius

317 862 406 931 inter
421 886 480 932 eos
496 865 554 955 qui
575 887 664 956 saepe
683 864 917 956 Apolloniam,
940 872 979 930 ut
993 862 1163 931 Caesarem
1177 861 1377 944 inviserent,

316 979 541 1061 ventitabant,
568 1002 673 1070 quam
701 979 791 1048 inter
808 979 959 1071 aequales
983 990 1017 1049 et
1040 978 1234 1048 studiorum
1253 978 1377 1060 socios,

318 1115 393 1161 esse
412 1096 723 1164 annumerandum.
743 1179 749 1186 .
950 1099 952 1102 ’

384 1210 484 1293 Quod
517 1211 658 1303 quidem
685 1195 808 1303 par'uni
835 1187 950 1278 refert.
982 1212 1056 1279 Hoc
1087 1219 1221 1279 tantum
1254 1208 1380 1278 scimus

317 1327 433 1394 statim
446 1335 525 1418 post
546 1326 629 1395 Julii
645 1326 788 1395 Caessris
804 1326 932 1394 oaedem
953 1326 1179 1396 Octavianum
1198 1326 1236 1394 C.
1267 1323 1378 1393 Cilnio

316 1441 502 1510 Maecenote
525 1441 744 1516 ¹familiariter
767 1465 869 1512 usum
897 1441 1014 1509 fuisse.
1036 1442 1134 1510 Bello
1159 1441 1252 1509 enim
1275 1438 1379 1508 Muti—

316 1557 427 1640 nensi,
441 1581 509 1648 quo
525 1557 664 1625 initium
675 1580 851 1628 armorum
862 1556 1069 1627 Octavianus
1078 1557 1171 1640 fecit,
1184 1555 1379 1624 interfuisse

316 1673 539 1741 Maecenatem
557 1672 759 1763 Propertius
773 1680 892 1740 monet
908 1685 932 1739 ¹.

381 1789 477 1857 Licet
497 1788 583 1857 illud
612 1810 751 1879 quoque
775 1789 946 1856 incertum
973 1788 1029 1870 sit,
1055 1788 1231 1879 quomodo
1260 1787 1379 1878 primis

316 1904 384 1972 illis
403 1904 617 1996 temporibus
635 1904 804 1974 Maeoenas
828 1902 1015 1972 Octaviano
1038 1903 1237 1994 adjumento
1261 1903 1376 1987 fuerit,

316 2019 475 2112 quaedam
507 2029 622 2088 tamen
659 2041 843 2111 possumus
882 2018 1079 2110 conjectura
1112 2019 1290 2109 augurari.
1329 2019 1379 2087 Ao

316 2136 478 2228 primum,
488 2135 684 2204 Maecenatis
695 2135 848 2210 consiliis
860 2135 1086 2205 Octavianum
1096 2135 1211 2204 statim
1221 2135 1379 2204 innixum

317 2273 405 2334 esse,
422 2251 644 2320 credendum.
661 2252 731 2322 Vix
745 2273 877 2319 nonum
893 2260 927 2319 et
945 2252 1118 2321 decimum
1138 2274 1268 2320 annum
1283 2250 1380 2320 Oete-

316 2367 439 2436 vianus
454 2367 625 2456 attigerat,
643 2389 750 2458 quum
766 2367 797 2434 ei
813 2367 955 2435 allatum
979 2376 1031 2435 est
1052 2367 1185 2436 Julium
1209 2368 1379 2436 Caesarem
1442 2405 1447 2412 ·

315 2483 471 2574 periisse.
495 2482 660 2564 Quamvis
678 2483 825 2575 praecooi
849 2482 990 2571 ingenio
1014 2483 1179 2574 praeditus
1203 2491 1304 2575 esset,
1321 2482 1380 2551 ali-

316 2621 420 2690 quem
435 2599 467 2666 ei
488 2599 659 2666 exstitisse
681 2607 751 2666 tam
774 2599 986 2691 prudenter,
1001 2608 1073 2666 tam
1101 2599 1223 2667 callide
1253 2597 1379 2688 agendi

315 2723 503 2797 auctorem,
521 2715 581 2782 vix
607 2714 644 2781 in
659 2714 803 2783 dubium
828 2715 947 2783 venire
966 2723 1091 2807 potest.
1117 2715 1173 2782 Ad
1188 2715 1380 2806 juvenilem

315 2830 495 2898 audaciam
527 2852 608 2898 sane
636 2829 806 2897 referatur
833 2830 893 2898 illa
928 2831 1097 2913 alacritas,
1128 2855 1208 2922 qua,
1243 2839 1379 2899 vetante

315 2955 437 3029 matre,
463 2945 742 3015 dissuadentibus
765 2946 940 3037 plerisque
962 2947 1164 3028 amicorum,
1194 2946 1380 3038 Apollonia

316 3061 461 3144 decedit,
478 3085 602 3131 navem
617 3061 828 3143 conscendit,
842 3057 976 3130 Italiam
989 3062 1085 3154 petit.
1104 3061 1189 3144 Quis
1204 3084 1285 3130 vero
1300 3061 1381 3130 ado-

314 3177 554 3259 lescentulum,
581 3176 693 3268 primo
718 3175 916 3244 ambitionis
940 3176 1062 3246 ardore
1087 3177 1302 3264 flagrantem,
1324 3177 1378 3245 ad-

313 3293 452 3361 monuit
469 3278 705 3361 Brundusium
728 3291 864 3374 vitaret,
891 3292 1040 3360 incertos
1059 3293 1209 3360 militum
1232 3293 1280 3361 ibi
1302 3313 1379 3362 con·
1429 3345 1432 3358 .

316 3417 539 3499 gregatorum
553 3408 687 3476 animos
703 3416 850 3490 caveret,
875 3416 909 3475 et
926 3408 971 3475 ad
992 3409 1175 3498 parvulum
1197 3409 1382 3499 quemdam

315 3524 574 3615 ignobilemque
607 3533 757 3615 portum,
792 3523 922 3614 Lupias
955 3523 1108 3605 nomine,
1142 3525 1383 3615 appelleret²l

317 3641 402 3724 Quis
422 3663 502 3710 eum
516 3649 616 3707 cauta
633 3639 693 3706 illa
711 3639 896 3730 prudentia
915 3638 1078 3706 instruxit
1097 3629 1131 3707 et
1150 3640 1381 3730 paratissima,
1418 3671 1421 3680 ¹

316 3781 384 3850 qua
400 3780 520 3826 omnes
539 3755 757 3824 difficultates
777 3755 962 3847 superavit,
985 3753 1102 3822 omnia
1119 3755 1272 3846 pericula
1296 3756 1382 3825 effu·-

316 3874 378 3962 git,
391 3874 525 3942 animos
539 3895 631 3940 nunc
640 3862 799 3940 comitate
811 3870 1018 3952 conciliavit,
1032 3893 1123 3938 nunc
1133 3870 1236 3938 minis
1247 3870 1380 3953 terruit,

365 4066 387 4112 Ι.
402 4063 477 4126 Prop.
493 4060 566 4124 Eleo.
582 4061 614 4123 ΙΙ,
631 4065 653 4111 Ι.

364 4145 387 4192 2.
403 4143 468 4204 App.
483 4140 547 4190 Bell.
565 4141 612 4189 civ.
629 4141 673 4198 ΙΙΙ,
690 4142 728 4188 Ιθ.
