3130 5064
4 2505 6 2594 t

635 541 774 594 ...77-

175 660 418 752 seriptienibus
428 661 499 746 ille,
510 663 701 754 praesertim
712 663 888 732 Ciceronis
900 665 1004 748 eaede,
1015 667 1237 737 abstinerem.

173 777 305 848 Verum
322 778 437 870 potuit
455 777 674 862 Octavianus,
697 803 806 872 quum
825 789 957 850 eertum
976 805 1015 850 ac
1030 782 1239 852 destinatum

172 893 315 962 haberet
327 894 519 996 praecipuos
534 895 624 964 inter
638 895 821 988 optimates
840 896 974 980 tollere,
1000 919 1089 989 quos
1107 896 1174 964 sihi
1188 898 1240 966 in·

172 1011 289 1080 tensos
311 1011 387 1080 fore
404 1011 625 1103 praevidehat,
652 1013 849 1082 Maecenatis
873 1013 1017 1082 consilia
1045 1014 1234 1106 aspernari.

172 1129 243 1198 Nec
261 1150 344 1199 vero
361 1128 553 1197 semiuisse
569 1128 764 1198 Maecenetis
779 1129 1082 1199 mansuetudinem
1092 1138 1236 1198 eonten-

173 1243 287 1314 dimus
301 1253 341 1312 ut
363 1245 536 1315 severitati
554 1255 667 1338 ,atque
691 1247 795 1314 etism
823 1245 975 1329 saevitiae,
1007 1246 1036 1314 si
1059 1269 1128 1338 qus
1156 1245 1237 1315 inde
1272 1297 1277 1306 .

172 1360 302 1452 percipi
324 1369 443 1453 posset
473 1351 615 1444 utilitas,
647 1349 830 1431 obsisteret
855 1385 862 1430 :
885 1362 945 1430 ubi
974 1370 1090 1430 sutem
1115 1362 1236 1432 sevire

171 1475 293 1545 inutile
311 1476 427 1546 visum
446 1486 508 1559 est,
526 1501 570 1546 ne
584 1478 676 1546 ultra
691 1477 870 1547 saeviretur
887 1478 1052 1570 providit.

218 1593 287 1662 Sed
301 1593 374 1662 haee
392 1594 584 1663 hactenus:
615 1595 839 1664 Maecenstem
860 1595 981 1686 utique
1001 1617 1237 1666 asseveramus

172 1710 384 1802 praecipuum
398 1709 547 1800 Augusti
565 1709 775 1778 monitorem
788 1709 908 1794 fuisse,
926 1719 960 1778 et
973 1710 1113 1779 illerum
1133 1711 1239 1802 potis-

170 1825 297 1895 simum
311 1826 537 1896 consiliorum
555 1833 731 1897 suetorem
753 1827 879 1918 quibus
902 1826 960 1894 ille
986 1826 1237 1918 rempublicam

170 1941 353 2026 ordinavit,
376 1942 562 2034 imperium
580 1951 693 2011 tutum
707 1964 937 2034 securumque
956 1942 1110 2025 retinuit,
1133 1941 1236 2033 quid-

168 2057 253 2151 quid
267 2059 479 2130 invidiesum
498 2067 587 2128 esset
600 2059 733 2142 vitavit,
751 2059 899 2128 formem
914 2058 1061 2128 civitatis
1076 2067 1110 2126 et
1123 2066 1235 2126 muta-
1318 2115 1324 2119 .

166 2175 229 2254 vit,
247 2183 282 2244 st
294 2183 464 2244 mutatam
483 2173 725 2258 dissimulavit,
751 2175 989 2244 Romanorum
1009 2174 1143 2242 animos
1167 2173 1233 2241 sihi
1323 2235 1328 2245 ,

169 2291 377 2376 conciliavit,
407 2292 536 2362 nedum
568 2291 769 2376 offenderet,
795 2293 958 2384 denique,
988 2313 1096 2384 quum
1119 2290 1234 2383 reipsa

169 2408 264 2477 selus
275 2409 394 2477 omnis
408 2409 452 2477 ed
466 2409 646 2478 arbitrium
658 2400 930 2498 regeretmir'rus
943 2430 1006 2477 rex
1020 2416 1055 2476 et
1064 2417 1232 2500 tyrannus

168 2546 273 2617 quem
287 2524 485 2618 reipublieae
501 2527 680 2595 restitutor
694 2549 733 2595 se
747 2524 866 2619 pstriae
881 2533 980 2617 pater
998 2523 1118 2595 audiit.

215 2745 237 2794 t.
255 2741 313 2796 Vid.
326 2741 618 2808 transuersum,
635 2757 662 2809 p.
677 2746 717 2798 ⁸2.
