3130 5064
786 508 928 560 ..40-

320 635 428 708 retur,
452 627 620 696 Maeoenes
639 636 759 696 contre
781 627 960 698 modestus
983 651 1022 696 eo
1045 629 1152 696 mitis.
1171 630 1247 710 Quo
1268 629 1388 700 froude

322 751 559 834 comparatum
579 751 631 812 est
657 753 696 812 ut
718 745 886 812 Maeoenes
912 744 1088 834 majorem·
1108 744 1214 814 fidem
1240 745 1387 832 ieoeret;

320 859 541 942 Octavianus,
560 860 588 927 si
603 860 688 952 quid
702 869 823 952 postes
836 861 1039 942 remitteret,
1056 883 1183 951 magne
1197 863 1387 932 concedere

318 974 505 1044 videretur.
523 975 592 1044 Sed
611 999 654 1044 ne
674 977 890 1068 inquiramus
906 977 990 1069 quid
1009 977 1100 1045 inter
1115 999 1175 1046 eos
1189 978 1226 1046 in
1246 980 1386 1048 seeretis

319 1092 536 1160 sermonibus
552 1093 765 1175 convenerit,
783 1094 819 1161 id
834 1093 956 1162 saltem
971 1094 1162 1162 notandum
1182 1103 1245 1178 est,
1262 1095 1388 1164 Maeoe-

318 1218 434 1278 netem
462 1231 533 1278 non
562 1209 661 1300 qussi
689 1209 750 1277 nni
781 1209 968 1280 Octaviano
993 1209 1180 1294 addietum,
1203 1207 1264 1280 sed
1286 1211 1386 1303 quusi

514 1379 627 1430 Aversos
642 1380 750 1430 solitum
766 1393 925 1444 componere
940 1379 1039 1430 omioos
1052 1383 1059 1416 ¹

315 1527 357 1594 ab
368 1523 518 1593 Horatio
535 1524 666 1592 heberi.
685 1525 774 1592 Tum
789 1523 881 1615 opud
895 1522 1094 1615 Appianum
1111 1528 1122 1562 ²
1138 1523 1297 1592 videmus
1317 1525 1383 1596 Oo-

314 1642 452 1710 tovieno
468 1641 556 1708 iram
575 1640 752 1708 simulanti
772 1640 867 1732 quod
880 1639 1025 1708 Antonii
1039 1640 1201 1731 praesidio
1217 1641 1382 1712 adversus

313 1757 521 1852 Pompeium
542 1756 720 1838 caruisset,
744 1778 899 1824 sororem
923 1756 1144 1848 respondisse
1170 1757 1257 1827 liano
1285 1757 1381 1828 litem

310 1875 384 1967 jem
399 1897 473 1964 esse
493 1897 513 1941 a
528 1873 713 1942 Maeeonete
730 1873 968 1965 compositam.
987 1873 1107 1964 Itaque
1122 1895 1286 1964 magnam
1300 1875 1384 1944 feei

313 1991 418 2060 litatis
443 2000 477 2059 et
495 1990 674 2058 modestiae
698 1990 739 2058 de
756 2013 792 2058 se
807 1989 1009 2084 opinionem
1028 1991 1196 2058 Maeoenes
1219 1991 1378 2074 faciebat,

311 2131 380 2201 quo
401 2107 527 2177 certius
548 2106 734 2200 praestigiis
754 2114 923 2188 uteretur,
945 2114 990 2188 et,
1012 2129 1090 2198 quae
1114 2106 1230 2190 vellet,
1257 2130 1378 2178 eonse-

313 2234 487 2322 queretur.
1380 2217 1382 2222 ’

379 2344 430 2414 No
445 2341 564 2411 multis
578 2363 706 2424 morer,
729 2341 765 2410 in
785 2339 845 2408 illo
868 2340 975 2410 mimo
995 2339 1075 2410 vitae
1095 2363 1201 2436 quem
1225 2340 1379 2411 Octavia·

310 2483 388 2544 nus,
406 2468 443 2528 ut
458 2459 567 2552 ipsius
588 2457 768 2526 morientis
791 2456 906 2526 verbis
929 2465 1019 2540 utar,
1042 2458 1224 2526 commode
1248 2465 1377 2528 transe-

310 2579 360 2672 git
375 2585 399 2661 ³,
422 2596 693 2669 nunquamvero
705 2573 920 2642 commodius
935 2595 1041 2666 quem
1059 2573 1113 2642 his
1129 2575 1230 2643 annis
1250 2574 1376 2666 quibus
1425 2633 1434 2655 ,

308 2716 429 2764 omnes
448 2692 592 2762 aemulos
611 2713 692 2759 suos
716 2689 914 2773 summovit,
933 2690 1164 2768 Maecenatem
1187 2691 1319 2775 hebuit,
1345 2692 1374 2761 si

310 2825 382 2872 non
397 2809 573 2869 auctorem
592 2807 626 2868 et
640 2797 861 2880 monitorem,
883 2805 975 2867 eerte

399 2975 525 3040 Magnum
539 2971 697 3037 adjutorem,
709 2973 799 3034 posset
808 2969 854 3034 qui
868 2969 936 3020 ferre
951 2969 1082 3020 secundos
1094 2972 1113 3019 ⁴.

355 3168 377 3216 1.
393 3165 455 3214 Hor.
471 3163 553 3212 serm,
567 3162 587 3221 1,
599 3175 623 3220 v,
639 3160 677 3209 29.

307 3229 310 3236 '
355 3249 378 3296 2.
394 3244 459 3308 App.
475 3242 538 3292 neu.
549 3242 596 3291 cu.
610 3241 640 3300 v,
652 3241 692 3290 93.

354 3327 378 3376 ³.
397 3325 469 3374 Suet.
487 3321 564 3385 Aua„
581 3322 622 3371 99.

353 3407 377 3456 t.
395 3404 458 3454 Hor.
477 3403 559 3452 Serm.
577 3403 598 3461 1,
615 3415 650 3462 rr,
670 3402 699 3450 46
