3130 5064
777 539 812 558 .-.
833 516 867 572 55
887 549 921 558 -

314 637 458 732 liquisse
472 629 500 708 ⁴¹.
525 639 664 708 Scilicet
685 639 807 730 priscis
826 639 895 708 illis
915 639 1143 731 temporibus,
1165 659 1237 707 uon
1256 637 1378 706 inutile

319 764 378 824 aut
392 779 498 845 segue
513 755 746 825 ministerium
761 755 966 847 praefectura
980 755 1083 824 Urbis
1100 754 1183 837 fuit3
1204 752 1385 845 siquidem.

317 879 356 941 ut
375 868 580 963 imperandi,
593 871 641 940 ita
656 879 691 940 et
709 871 767 962 jus
782 871 950 940 reddendi
964 879 1119 962 potestas
1132 877 1167 938 et
1181 889 1316 938 summa
1326 868 1382 936 de-

225 1010 227 1014 ·
318 988 423 1080 nique
442 1011 558 1058 rerum
573 989 667 1058 demi
681 988 884 1081 militiaeque
903 1011 1010 1080 peues
1024 1009 1134 1056 uuum
1152 1009 1287 1077 regem,
1299 1009 1387 1054 marrx

316 1126 424 1198 penes
438 1104 526 1173 dues
545 1105 704 1174 consules
724 1113 810 1187 erat,
834 1105 882 1172 ita
900 1112 939 1172 ut
958 1126 1066 1196 quum
1085 1103 1135 1172 illi
1151 1103 1193 1172 ab
1213 1103 1304 1173 Urbe
1324 1125 1380 1171 ce-

317 1219 451 1302 derant,
476 1228 585 1288 tetam
608 1243 707 1312 paene
728 1219 979 1311 rempublicam
993 1240 1112 1288 secum
1127 1218 1263 1287 auferre
1282 1217 1385 1288 vide-.

316 1344 447 1406 rentur.
475 1336 576 1418 Tum,
603 1335 761 1404 nendum
779 1334 923 1426 prelatis
941 1334 1032 1404 ultra
1049 1357 1160 1426 pauca
1173 1333 1285 1402 millia
1298 1357 1393 1426 pas·¹

317 1473 418 1520 suum
445 1449 582 1541 imperii
611 1451 757 1534 finibus,
787 1459 823 1518 et
850 1450 1011 1540 gentibus
1048 1450 1193 1519 infensis
1225 1449 1380 1541 undique

316 1565 627 1649 circumstantibus,
648 1566 839 1658 periculum
855 1575 998 1650 eratne,
1016 1566 1099 1635 dum
1123 1566 1282 1635 eonsules
1300 1565 1380 1634 binc

317 1679 447 1751 bellum
458 1690 629 1771 gererent,
640 1681 874 1750 illincbellum
884 1682 1030 1750 alterum
1040 1690 1181 1774 repente
1189 1681 1377 1771 ingrueret,
1448 1747 1450 1753 ,

318 1805 353 1866 et
370 1796 578 1889 improvisus
602 1797 711 1866 hostis
734 1795 778 1866 ad
801 1798 876 1889 ipsa
896 1797 999 1867 Urbis
1022 1797 1151 1866 moenia
1170 1797 1386 1888 perveniret.r

319 1912 544 2006 Quaquidem
564 1912 693 2004 optime
717 1913 858 1981 Tacitus
882 1912 1064 1996 intellexit,
1084 1912 1320 2005 breviterque,
1342 1921 1388 1981 ut

218 2037 229 2058 ’
318 2030 418 2113 solet,
435 2030 642 2119 significavit
651 2030 705 2098 bis
719 2030 835 2100 verbis
857 2052 865 2098 ε
890 2058 906 2093 «
927 2030 1144 2120 deligebatur
1159 2030 1218 2122 qui
1230 2029 1288 2120 jus
1301 2030 1381 2098 red-

319 2146 415 2215 deret
428 2171 467 2216 ac
482 2147 604 2215 subitis
619 2147 828 2216 mederetur.
848 2147 1003 2215 »Postea
1017 2169 1112 2230 vere,
1131 2147 1237 2215 etalii
1252 2147 1380 2237 magis·

318 2271 427 2331 tratus
442 2263 544 2332 creati
562 2271 654 2347 suut,
670 2272 836 2356 praetares
850 2263 887 2331 in
901 2262 1034 2354 primis,
1062 2261 1121 2355 qui
1141 2261 1199 2354 jus
1213 2263 1381 2332 reddendi

316 2387 522 2471 patestatem
532 2403 571 2449 ac
585 2380 749 2473 pleraque
762 2379 950 2449 domestica
961 2379 1143 2448 consulum
1151 2379 1272 2448 munia
1287 2399 1390 2448 exer-5

317 2505 445 2580 carent,
461 2505 495 2564 et
509 2493 675 2566 ita'crevit
689 2497 874 2589 imperium
889 2497 1085 2565 Romanum
1100 2494 1232 2564 utuihil
1242 2495 1315 2588 jam
1331 2519 1382 2565 ac·

316 2613 431 2682 cidere
458 2621 578 2705 posset
604 2613 688 2682 Urbi
710 2612 866 2681 subitum
891 2611 946 2680 cui
970 2634 1013 2680 ex
1034 2611 1224 2703 improviso
1249 2612 1381 2681 mederi

316 2751 456 2799 necesse
470 2730 570 2798 feret.
592 2729 811 2798 Praelecturae
827 2728 929 2798 Urbis
945 2728 1053 2817 igitur
1067 2727 1232 2797 nihilnisi
1246 2756 1262 2792 α
1279 2723 1381 2798 simu-

316 2845 459 2928 lacrum,
483 2873 499 2910 »
517 2854 556 2914 ut
578 2846 654 2937 ipse
679 2846 788 2914 Taciti
810 2845 916 2914 verbo
941 2853 1030 2928 utar,
1056 2844 1206 2914 duravit.
1234 2845 1379 2937 Nempe,

317 2985 426 3056 quum
435 2962 600 3032 feriarum
610 2961 797 3031 latinarum
812 2984 915 3030 causa
930 2961 1090 3031 consules
1105 2961 1141 3029 iu
1155 2970 1312 3030 mentem
1326 2961 1383 3028 Al-

316 3079 517 3148 banumrite
528 3078 564 3147 se
575 3078 782 3161 conferrent,
795 3086 829 3146 et
843 3086 912 3146 tres
927 3086 986 3147 aut
996 3087 1144 3170 quatuor
1154 3079 1228 3147 dies
1239 3078 1281 3147 ab
1291 3077 1381 3147 Urbe

317 3196 487 3278 abessent,
502 3204 560 3264 aut
572 3217 663 3264 unus
678 3204 738 3263 aut
750 3195 880 3286 plures,
893 3217 985 3262 nuuc
1000 3219 1020 3263 a
1040 3195 1252 3278 consulibus,
1274 3217 1379 3276 nunc,

315 3334 378 3403 per
402 3311 541 3380 comitia
567 3311 660 3401 (nam
689 3333 745 3379 res
769 3310 958 3401 sepissime
977 3305 1109 3380 mutata
1127 3311 1190 3403 est)
1211 3319 1237 3394 ²,
1257 3310 1382 3399 delige-

363 3523 386 3572 l.
400 3521 428 3572 T.
442 3518 507 3581 Liu,
523 3519 543 3580 1,
557 3520 595 3570 59.

362 3604 385 3651 2.
402 3600 523 3665 Exempli
534 3599 627 3664 gratia,
636 3601 667 3649 ut
678 3612 764 3662 unum
775 3599 887 3648 Dionem
897 3611 1083 3658 memoremus,
1093 3599 1115 3649 si
1125 3597 1171 3648 lib.
1182 3597 1269 3660 xL111,
1282 3611 1337 3661 cap.
1353 3599 1381 3648 ts

315 3680 418 3745 legeris,
439 3681 476 3742 da
494 3694 549 3730 une
563 3680 688 3745 πολιάρχῳ
708 3681 732 3736 ἐς
750 3681 793 3736 τὰς
819 3677 919 3742 Ἀνοχάς
945 3679 1044 3743 agilum
1066 3680 1098 3729 de
1121 3678 1242 3743 pluribus
1267 3691 1330 3728 vere
1352 3677 1381 3727 in

316 3775 374 3825 cap.
394 3764 433 3812 42.
448 3761 526 3812 Anne
541 3762 595 3821 728,
609 3760 672 3809 dum
687 3758 759 3808 leriae
773 3758 862 3807 latinae
881 3757 1091 3818 celebrabantur,
1108 3757 1162 3808 due
1175 3758 1249 3808 luere
1263 3757 1380 3821 quetidie

315 3841 432 3905 praefecti
450 3841 525 3905 (Llll,
549 3841 598 3904 33).
622 3838 738 3888 Tandem
758 3851 827 3886 anno
847 3839 892 3888 756
907 3836 1024 3886 decrevit
1041 3837 1177 3902 Augustus
1191 3851 1276 3887 unum
1290 3840 1381 3901 postea

316 3921 371 3971 fere
385 3921 456 3985 (LIV,
473 3921 521 3985 tt).
541 3919 635 3970 itidem
652 3919 699 3969 lib.
714 3918 801 3978 XLIII,
828 3931 885 3980 cap.
899 3919 937 3977 42,
955 3915 982 3965 C.
999 3917 1158 3968 Octavianus
1173 3917 1268 3979 Caesar,
1288 3931 1381 3968 secun-

316 4001 380 4052 dum
395 4001 496 4062 consul,
511 4001 650 4065 praelectos
663 3999 728 4051 Urbi
746 3998 871 4048 feriarum
884 3997 1028 4047 latinarum
1042 3999 1177 4064 designat3
1193 3998 1278 4048 iulib·
1293 4001 1381 4049 autem
1468 4025 1470 4033 ·

301 4081 378 4152 .va
399 4095 422 4132 c.
444 4084 467 4142 6,
482 4080 515 4131 ad
534 4080 688 4144 eligendum
707 4077 838 4140 ejusmodi
860 4076 1015 4140 praelectum
1035 4079 1150 4142 aliquam
1172 4077 1254 4127 luisse
1279 4078 1381 4128 videbis

315 4163 479 4228 χειροτονίαν.
