3130 5064
799 491 941 544 ,86-

316 635 395 699 sues
401 621 704 684 converterentur.
719 616 836 698 Quum
846 616 940 686 enim
954 617 1145 708 saepissime
1159 625 1406 692 romanoram

284 747 287 754 ’
332 749 431 801 nova
448 729 594 800 coloniae
615 753 658 800 ex
676 731 818 800 arbitrio
829 732 969 802 victoris
989 732 1254 814 deducerentur,
1268 745 1303 806 et
1317 736 1404 808 nihil

333 846 398 932 tuti
414 854 517 929 esset,
534 846 621 918 nihil
640 848 764 928 securi,
786 848 864 941 quis
884 869 1063 940 possessor
1086 872 1208 938 agrum
1228 852 1402 936 coluisset,

334 986 438 1056 quem
457 973 597 1055 postero
614 988 704 1034 anno
729 989 773 1034 ue
792 987 895 1034 snum
914 965 1057 1058 quidem
1081 965 1155 1038 iore
1174 967 1406 1060 praevidebat?

334 1080 412 1174 quis
422 1080 533 1150 labori
549 1081 599 1150 illi
613 1081 826 1165 indulsisset,
844 1105 949 1174 quem
964 1102 1066 1151 nemo
1087 1083 1260 1175 suscipere
1275 1093 1400 1176 potest,

334 1197 400 1267 nisi
417 1198 473 1280 sit,
485 1207 524 1266 ut
542 1198 590 1270 ait
609 1197 741 1281 Cicero,
754 1217 826 1266 non
840 1197 944 1266 modo
958 1221 981 1266 s
996 1197 1201 1282 calamitate3
1219 1201 1280 1269 sed
1299 1200 1404 1270 etiam

333 1339 355 1384 a
373 1324 470 1386 metu
489 1314 692 1384 calamitatis
717 1314 880 1384 defensus
897 1315 931 1381 ¹?
951 1314 1066 1396 Quum
1091 1315 1198 1404 igitur
1225 1317 1404 1406 Augustus

334 1441 369 1500 et
388 1433 557 1502 Maecenas
572 1431 831 1502 constituissent
845 1431 992 1520 vestigia
1007 1455 1146 1524 quoque
1165 1433 1337 1502 bellorum
1355 1433 1403 1503 ci·

336 1548 459 1620 vilium
479 1548 606 1631 delere,
631 1571 702 1617 non
730 1547 855 1618 melius
874 1570 929 1616 res
949 1549 1111 1640 componi
1125 1571 1226 1640 posse
1249 1549 1405 1619 arbitrati

336 1674 428 1747 sunt,
447 1687 552 1757 quam
567 1665 596 1734 si
610 1664 654 1733 ad
669 1685 834 1753 agrorum
844 1663 1014 1734 culturam
1028 1665 1275 1758 plerorumque
1290 1665 1405 1736 studia

299 1831 303 1841 -
335 1790 593 1854 revocarentur.
622 1782 795 1854 Praetcrea
827 1803 964 1850 morum
996 1781 1191 1874 veterisque
1216 1782 1404 1875 disciplinae

335 1908 371 1968 ct
385 1897 565 1988 religionis
584 1898 819 1967 restitutorem
837 1897 1016 1986 Augustus
1035 1920 1071 1966 se
1089 1898 1288 1990 praebebat:
1310 1921 1406 2000 quao-

335 2015 480 2110 quidem
495 2016 612 2093 omnia
632 2016 724 2108 apud
747 2025 900 2105 agrestes
930 2015 1081 2116 maxime
1101 2017 1224 2086 llorere
1239 2016 1318 2109 quis
1331 2039 1407 2086 nes-

337 2135 403 2204 cit?
419 2133 575 2216 Quorum
593 2132 759 2224 principis
778 2131 1003 2202 consiliorum
1024 2155 1131 2224 quum
1151 2132 1310 2202 conscius
1329 2133 1408 2202 Μω-

341 2258 556 2332 cenas'essct,
568 2248 696 2341 optime
712 2271 749 2318 se
763 2248 934 2317 iacturum
950 2248 1068 2330 sensit,
1079 2248 1108 2318 si
1123 2249 1408 2322 adreoreeudum

341 2377 439 2436 vatus·
456 2366 544 2436 illud
560 2375 597 2436 'et
611 2366 785 2436 exoletum
800 2387 964 2454 agrorum
983 2365 1137 2434 studium
1155 2365 1294 2455 Virgilii
1309 2366 1409 2455 inge-

340 2484 438 2553 nium
452 2490 570 2574 posset
590 2481 764 2550 adhibere.
789 2480 1090 2564 Quemadmodum
1113 2481 1220 2571 igitur
1243 2489 1322 2572 post
1348 2480 1411 2550 mi-

339 2602 485 2671 serrima
497 2637 499 2642 ·
513 2609 547 2668 ct
564 2598 800 2671 turbidissima
814 2609 972 2691 tempora
990 2597 1166 2669 Hesiodus
1188 2597 1231 2666 ad
1257 2597 1410 2688 placidos

334 2717 418 2787 illos
433 2725 467 2784 st
482 2715 636 2786 salubres
650 2713 869 2804 agriculturae
889 2713 1026 2784 labores
1045 2713 1196 2806 aequales
1207 2735 1288 2784 suos
1308 2735 1409 2784 revo-

340 2842 489 2915 caverat,
510 2833 559 2902 ita
573 2841 607 2902 ct
625 2831 805 2921 Virgilius,
823 2831 923 2901 ltalia
944 2841 1015 2908 tarn
1034 2831 1208 2903 diuturnis
1226 2831 1409 2904 discordiis

334 2933 474 3024 'vastata
488 2960 523 3022 et
536 2949 712 3044 populata,
764 3005 768 3011 .

530 3169 665 3221 Ascraeum
676 3167 768 3218 cecinit
782 3168 902 3218 Romana
911 3180 959 3232 par
971 3166 1069 3232 oppida
1082 3181 1190 3218 carmen
1203 3170 1223 3217 l.

388 3357 546 3427 Mirabile
561 3376 703 3447 prorsus
718 3377 857 3421 carmen
872 3376 910 3420 ac
925 3375 1006 3420 vere
1022 3353 1231 3436 Romanum,
1248 3376 1317 3445 quo
1339 3333 1411 3446 pul·

336 3465 519 3548 cherrimis
537 3469 696 3540 versibus
716 3492 770 3537 ars
799 3469 858 3537 illa
884 3477 1067 3540 ornaretur
1095 3478 1128 3538 et
1148 3469 1410 3539 commendare-

341 3603 408 3676 tur,
431 3571 536 3682 quem
550 3585 729 3656 Fabricius
745 3585 1039 3677 Cincinnatusquo
1054 3595 1291 3669 exercuerant,
1307 3609 1411 3678 quana

339 3683 425 3780 'Ceto
447 3705 636 3797 Ciceroque
660 3703 789 3796 pariter
807 3701 1035 3771 laudaverant
1050 3703 1075 3785 ⁸,
1098 3727 1168 3794 qua
1187 3697 1337 3794 denique
1357 3701 1411 3769 in'·

390 3974 412 4022 l.
431 3969 480 4018 Pro
491 3965 545 4032 leqe
556 3964 675 4025 Manilia,
686 3967 710 4014 6.

389 4052 413 4100 2.
428 4047 555 4112 Georgia,
566 4048 598 4106 ll,
609 4048 663 4096 trs.

390 4133 412 4183 ³.
427 4129 486 4182 Vid.
499 4127 648 4194 prasertim
660 4126 712 4176 Cic.
730 4124 792 4174 Cato
809 4124 895 4189 otoJor
907 4125 959 4176 sive
974 4125 1006 4176 de
1021 4126 1153 4180 Senectute
1170 4127 1297 4200 dictoque,
1309 4131 1338 4180 15
1352 4140 1408 4192 sqq.
