3130 5064
757 1304 918 1392 CAPUT
953 1297 983 1390 V

356 1615 499 1675 QUAN'HW
518 1617 670 1678 HGEMS,
688 1615 793 1664 POE'HS
811 1615 847 1662 ΕΤ
865 1615 1045 1664 nlrrufltrls
1064 1615 1209 1675 FAVENDO,
1228 1613 1385 1664 urlulmrt

693 1706 823 1754 Aueusrt
844 1705 1055 1755 consuessem

404 2035 523 2109 Restat
536 2042 575 2104 ut
588 2033 632 2103 ad
646 2033 922 2106 illudveniamus
937 2055 1005 2124 quo
1021 2031 1171 2100 maxime
1185 2040 1404 2124 posterorum
1556 2013 1557 2096 ἶ

282 2231 284 2236 ,
337 2151 514 2224 memorie
529 2150 696 2219 Maecenes
711 2149 985 2232 commendatur,
1002 2148 1093 2220 etde
1107 2147 1325 2216 nobilissime
1342 2147 1403 2214 illc
1468 2127 1473 2138 s

338 2278 518 2358 poetarum
540 2267 840 2358 litteratorumque
872 2264 1065 2357 patrocinio
1089 2263 1403 2356 paulisperdisse-

339 2407 467 2456 remus.
488 2384 590 2466 Quod
613 2405 721 2476 quum
740 2381 961 2452 notissimum
987 2379 1033 2450 sit
1055 2389 1089 2448 et
1111 2379 1402 2470 vulgatissimum,

340 2525 411 2572 nen
428 2501 577 2570 multum
591 2499 670 2570 huic
686 2498 882 2570 novissimae
904 2497 1013 2566 nostri
1033 2496 1147 2589 operis
1170 2496 1259 2590 perti
1278 2496 1404 2566 immo⁴

338 2619 492 2687 ruhimur
509 2640 516 2685 :
533 2614 621 2684 hanc
636 2615 777 2684 demum
792 2615 1027 2706 quaestionem
1040 2613 1265 2696 instituimus,
1286 2621 1404 2705 petro·

341 2734 469 2802 cininm
488 2733 587 2815 illud,
605 2732 649 2800 ad
667 2731 900 2824 principatum
914 2730 1064 2820 Augusti
1081 2729 1326 2799 stabiliendum
1340 2752 1405 2798 no·

339 2873 491 2942 vumque
524 2849 721 2940 reipublicae
755 2856 882 2917 statum
914 2847 1201 2931 confirmandum,
1237 2836 1406 2939 quantum

339 2966 518 3060 prefuerit.
1374 2951 1376 2956 ’

329 3157 330 3160 ,
407 3083 450 3152 Et
464 3083 605 3176 quidem
619 3083 711 3152 heud
726 3083 773 3152 ite
788 3081 990 3174 desipimus,
1002 3089 1041 3148 ut
1051 3081 1285 3162 Maeeenetem,
1298 3101 1406 3172 quum

338 3200 462 3269 litteris
475 3201 617 3284 faveret,
630 3200 778 3269 naturali
793 3199 985 3292 presertim
995 3197 1108 3266 studio
1126 3197 1267 3265 ductum
1282 3219 1357 3265 esse
1373 3205 1407 3265 et

342 3316 457 3385 enimc
469 3317 670 3386 obsecutum
680 3340 742 3385 suc
753 3289 952 3386 infitiemur.
967 3313 1104 3383 Scilicet
1118 3336 1162 3382 ne
1173 3333 1406 3382 memoremus
1482 3401 1488 3414 .

342 3455 447 3525 quem
466 3431 599 3501 curiose
622 3431 792 3524 quidquid
810 3431 994 3524 pulchrum
1022 3438 1112 3498 esset
1131 3438 1189 3498 sut
1212 3451 1328 3498 rarum
1347 3437 1407 3498 aut

341 3559 453 3633 vetus,
472 3548 575 3618 etism
591 3571 744 3638 gemmas
759 3557 794 3618 et
809 3549 950 3640 beryllos
967 3559 991 3632 ¹,
1009 3545 1225 3638 appetiverit,
1242 3569 1350 3638 quum
1365 3545 1408 3614 ad

390 3776 412 3828 t.
431 3772 617 3838 Quodquidem
627 3771 746 3824 studium
758 3771 861 3823 deridet
873 3772 1008 3837 Augustus
1020 3771 1048 3820 in
1058 3771 1104 3820 illc
1114 3769 1231 3834 epistelae
1239 3767 1273 3819 sd
1284 3768 1411 3820 Maecenu-

342 3853 397 3902 tem
413 3852 516 3917 scriptae
533 3851 681 3916 fragmento
693 3853 764 3916 qued
781 3853 877 3917 legitur
889 3851 960 3916 apud
972 3851 1086 3903 Mucreb.
1103 3851 1220 3911 Sarum„
1236 3852 1261 3912 2,
1274 3855 1297 3901 4.
1311 3868 1323 3894 (ι
1336 3849 1409 3910 Vale,

343 3931 397 3982 mel
406 3944 558 3996 gemmeum
573 3931 715 3993 Medullius,
728 3925 795 3983 ehur
811 3947 844 3982 ex
858 3932 973 3993 Etruria,
989 3932 1058 3982 laser
1074 3930 1221 3991 Arretinum,
1241 3928 1349 3979 edemus
1366 3941 1410 3978 su·
1490 3975 1494 3987 ,

342 4025 449 4075 pernas,
466 4011 619 4062 Tiberinum
633 4012 816 4075 margaritum,
832 4012 977 4064 Cilnicrum
994 4010 1142 4074 smaragde,
1157 4009 1240 4074 jaspis
1257 4009 1409 4074 figulorum,

342 4090 604 4223 lblpgpffllelrlsepnae,
620 4091 815 4144 carbunculum
837 4093 932 4156 ltalioe3
950 4094 992 4144 καὶ
1008 4091 1050 4144 ἵνα
1066 4093 1181 4156 συντέμω
1190 4092 1281 4154 πάντα,
1295 4093 1410 4158 μάλαγμα
