3130 5064
615 556 745 606 ..17.

155 683 191 742 ut
209 675 251 743 iis
265 673 457 766 praesertim
470 674 582 752 Julius
603 675 716 743 Caesar
731 685 821 743 esset
834 677 985 744 innixus.
1003 678 1092 746 Nam
1106 700 1214 769 quum

155 792 382 882 adquaestum
401 799 435 858 et
453 799 663 859 mercaturas
677 791 788 880 magis
802 791 838 859 in
854 791 926 860 dies
937 816 973 860 se
990 792 1212 874 dedidissent,

155 907 285 976 nullam
298 930 381 976 vero
398 907 440 974 de
456 906 728 976 civitatis'forma
741 907 999 998 praejudicatam
1014 909 1215 1000 opinionem

153 1023 331 1106 haberent,
354 1033 388 1092 et
412 1023 601 1093 commodis
628 1032 761 1092 tantum
784 1024 991 1092 inservirent
1018 1025 1101 1107 suis,
1128 1025 1217 1094 nihil·

152 1139 299 1231 amplius
323 1163 429 1230 quam
451 1162 616 1222 securam,
644 1163 714 1208 uno
743 1129 958 1230 imperante,
975 1163 1094 1232 pacem
1110 1163 1216 1231 exop-

152 1257 280 1324 tabant.
305 1256 358 1324 Ad
382 1255 728 1345 haec‚·intelligebant
751 1255 824 1324 fore
844 1256 960 1347 utqui
980 1256 1215 1336 dominatione

152 1373 321 1462 potiretur
335 1373 478 1440 Petrum
492 1372 730 1441 auctoritatem
743 1372 871 1463 pariter
886 1381 919 1440 et
933 1371 1012 1462 jura
1026 1372 1135 1463 plebis
1155 1372 1216 1440 im-

152 1489 337 1570 minueret,
354 1487 501 1580 ideoque
517 1497 655 1557 mutatae
671 1488 867 1579 reipublicae
879 1488 1009 1557 fructus
1024 1488 1066 1556 ad
1081 1489 1215 1556 nullum

152 1604 259 1673 alium
274 1603 445 1686 ordinem,
462 1603 530 1672 nisi
545 1603 588 1671 ad
604 1612 810 1694 equestrem,
828 1604 1033 1695 perveniret.

219 1720 303 1803 Quae
326 1743 434 1810 quum
458 1720 505 1787 ita
529 1728 655 1802 essent,
678 1719 790 1787 occiso
809 1719 902 1787 tutio
926 1720 1071 1802 Caesare,
1089 1742 1159 1787 non
1179 1720 1215 1787 in

151 1837 299 1906 Brutum
314 1836 539 1927 Cassiumque
554 1835 687 1926 equites
701 1836 865 1926 propensi
880 1844 988 1918 crant,
1004 1834 1069 1902 sed
1084 1835 1120 1903 in
1136 1857 1215 1903 eum

152 1953 350 2046 quicunque
379 1951 523 2020 Caesaris
555 1951 827 2020 dominationem
852 1961 911 2019 aut
942 1951 1125 2042 exciperet,
1156 1959 1216 2020 aut

150 2069 358 2138 restitueret.
375 2067 442 2136 Ubi
451 2091 534 2136 vero
548 2068 593 2135 M.
609 2067 782 2136 Antonius
794 2067 936 2136 Caesaris
951 2069 1044 2136 ultor
1053 2068 1215 2158 idemque

151 2209 329 2256 successor
356 2184 430 2254 iore
457 2185 553 2254 visus
582 2193 643 2266 est,
668 2185 866 2275 quicunque
893 2184 1063 2252 Caesarem
1083 2183 1215 2252 deside-

150 2303 272 2370 rabant
289 2301 442 2368 Antonio
466 2300 581 2369 favere
610 2309 787 2391 coeperunt
803 2306 826 2366 ¹.
848 2301 922 2367 Hoc
942 2322 1028 2391 opus
1054 2300 1090 2367 G.
1115 2299 1216 2368 Octa-

149 2419 251 2489 viano
268 2417 344 2500 fuit,
358 2425 393 2484 et
411 2415 496 2484 ittud
511 2416 651 2507 quidem
671 2415 828 2498 arduum,
843 2415 1032 2483 amicorum
1045 2416 1065 2484 J
1068 2415 1129 2483 ulii
1141 2415 1215 2484 Gae-

150 2535 235 2602 saris
251 2533 364 2603 studia
384 2533 425 2600 ah
440 2531 592 2634 Antonio
609 2533 651 2600 ad
662 2555 698 2600 se
709 2555 882 2600 revocare.
905 2534 999 2600 Inter
1010 2555 1096 2624 quos
1108 2555 1215 2624 quum

150 2653 285 2744 equites
303 2649 468 2743 praecipui
489 2657 614 2731 essent,
638 2649 698 2716 ahs
723 2649 827 2717 dubio
849 2658 900 2717 est
922 2649 1006 2740 quin
1031 2650 1211 2733 Maecenas,

148 2791 277 2857 magna
317 2766 386 2849 illa,
425 2788 528 2857 quam
568 2765 734 2847 diximus,
772 2765 863 2857 apud
910 2766 1067 2833 ordinem
1097 2761 1215 2835 'suum

149 2883 351 2954 auctoritate
371 2881 491 2964 fretus,
513 2881 556 2948 ad
571 2881 712 2970 ingenia
734 2881 769 2949 C.
794 2879 980 2950 Octaviano
1001 2881 1216 2950 concilianda

147 3001 294 3068 multam
312 2999 383 3068 vim
403 2998 573 3066 hahuerit.

211 3118 284 3186 Nec
298 3114 470 3183 mediocre
487 3111 706 3180 commodum
722 3111 920 3179 adolescens
931 3135 973 3180 ex
987 3113 1143 3203 equiturn
1157 3114 1214 3181 be-

145 3231 344 3303 nevolentia
357 3238 581 3322 percepturus
597 3237 680 3311 erat,
699 3229 859 3320 aquibus
878 3229 1096 3320 potissimum
1113 3254 1213 3322 pecu-

147 3349 240 3417 niam
251 3347 401 3415 mutuari
412 3354 539 3437 posset,
550 3345 733 3437 cujuspost
744 3345 1133 3415 JuliiCeesarismortem
1143 3371 1213 3415 ma-

146 3449 238 3532 xime
249 3463 437 3551 indigebat.
449 3462 547 3530 Multi
559 3461 911 3554 cnimfuereetprope
923 3463 1212 3556 infinitisumptus

148 3581 273 3673 quibus
288 3588 347 3647 aut
358 3577 513 3646 sufficere
529 3577 627 3645 illum
638 3601 776 3646 necesse
793 3587 877 3661 erat,
892 3588 951 3646 aut
967 3603 1105 3648 omnem
1122 3603 1213 3668 gras·

147 3696 245 3765 sandi
265 3695 308 3764 ad
327 3694 557 3787 principatum
573 3717 668 3785 spem
683 3693 850 3762 amittere.
873 3695 1029 3764 Primum
1044 3697 1212 3766 maximas

147 3812 310 3904 pecunias
324 3811 452 3902 populo
468 3833 611 3878 romano
625 3811 645 3879 J
648 3811 738 3878 nlius
759 3810 872 3880 Caesar
889 3812 1084 3900 legaverat3
1107 3837 1212 3905 quam

149 3928 344 3998 testamenti
358 3928 472 4016 legem
484 3927 706 4008 Octavianus,
722 3927 806 3995 Julii
822 3928 964 3996 Caesaris
976 3929 1087 4008 heres,
1098 3953 1210 4022 neque

195 4193 215 4240 t.
230 4188 288 4239 vid.
306 4188 357 4238 Cic.
374 4186 482 4249 Potrtpp.
497 4185 539 4244 Vt,
556 4186 578 4233 8.
613 4219 615 4222 -
