3130 5064
633 549 667 560 ...
687 523 720 575 ⁸9
743 549 775 558 -

169 641 543 735 principatus'Augusti
568 641 767 734 praeparari,
799 640 871 710 sire
896 642 1091 734 principatu
1115 641 1238 712 eodem

170 758 421 831 incrementum
436 750 556 832 Roma
571 757 804 828 consummari
820 756 989 826 videatur.

195 907 199 912 ·
236 875 321 958 Quis
339 897 422 944 vero
438 875 573 944 dubitat
591 875 676 967 quin
692 873 786 943 illius
806 871 969 941 carminis
988 873 1133 942 ineundi
1153 885 1236 976 1111
1336 931 1337 936 ,

169 993 260 1062 scius
275 992 379 1062 fuerit
393 991 574 1074 Maecenas,
591 1001 626 1060 et
637 992 836 1060 inchoatum
850 990 1055 1073 laudaverit,
1082 998 1116 1059 et
1142 991 1238 1064 omui

168 1107 382 1178 incitamenti
402 1131 529 1198 genere
545 1107 698 1200 aliquam
717 1106 889 1177 scribendi
900 1107 1111 1176 alacritatem
1125 1113 1236 1199 poeta

169 1224 352 1307 addiderit,
374 1232 420 1308 et,
442 1225 536 1316 quod
554 1224 746 1296 maximum
761 1233 823 1307 est,
849 1231 980 1292 tantam
999 1223 1095 1293 illam
1118 1247 1236 1295 rerum
1322 1221 1324 1226 ’

168 1343 211 1410 ab
226 1343 385 1431 Augusto
408 1349 583 1431 gestarum
610 1339 875 1410 admirationem
890 1340 922 1409 ei
936 1341 1048 1432 magis
1068 1343 1236 1432 armagis

168 1457 335 1549 injecerit,
364 1478 434 1549 qua
456 1457 617 1526 AEneidos
642 1481 749 1551 prope
778 1480 880 1528 omne
910 1457 1107 1528 institutum
1126 1459 1235 1530 veluti

169 1575 395 1646 continetur?
1167 1562 1181 1578 ⁸

233 1691 295 1774 Ac,
315 1713 359 1759 ne
379 1690 457 1783 quis
480 1691 586 1761 verba
607 1699 725 1760 nostra
748 1713 852 1782 prave
877 1690 1134 1782 interpretetur,
1163 1714 1234 1760 non

168 1807 409 1876 contendimus
437 1807 717 1886 Maecenatemid
746 1806 900 1875 effecisse
929 1816 968 1874 ut
1002 1807 1172 1896 Virgilius
1199 1817 1234 1876 et

167 1923 331 1993 Horatius
366 1923 540 2016 ceterique
568 1924 775 1993 excellentes
803 1931 912 2014 poetae
942 1922 1164 2006 exsisterent,
1192 1947 1231 1992 11

166 2039 270 2129 longe
298 2039 340 2107 ab
369 2063 409 2108 eo
438 2041 601 2109 absumus
629 2048 667 2110 ut
695 2039 843 2108 Martiali
866 2039 1106 2108 'assentiamur
1133 2039 1231 2108 illum

167 2177 308 2229 versum
332 2157 515 2226 scribenti:
1106 2170 1109 2175 ’

322 2352 381 2404 Sint
392 2353 558 2412 Maecenates,
569 2363 625 2400 non
639 2350 761 2410 deerunt,
778 2350 877 2410 Flacco,
888 2351 1010 2400 Marones
1021 2353 1039 2398 ¹.
1117 2395 1119 2402 .

232 2519 305 2589 11111
321 2519 521 2587 Maecenates
532 2517 654 2587 litteris
669 2518 705 2586 in
720 2539 869 2610 praesens
889 2517 1030 2610 quidem
1049 2517 1230 2609 prodesse,

167 2635 203 2702 in
215 2644 393 2726 posterum
407 2658 490 2705 vero
501 2657 625 2703 nocere
636 2633 853 2704 crediderim.
869 2636 956 2704 Nam
966 2629 1025 2703 illo
1037 2634 1227 2726 patrocinio

166 2760 275 2842 poetae
286 2751 328 2820 ad
338 2751 373 2819 id
383 2751 600 2820 adducuntur
615 2760 653 2820 ut
662 2750 749 2819 nihil
760 2745 910 2820 scribant
924 2751 992 2820 nisi
1002 2752 1045 2819 ad
1055 2761 1230 2848 assentan-

166 2867 650 2983 dumet-adlucrifaciendum,
662 2857 1229 2958 11111111111111111111111111111111-

166 2985 299 3077 busque
316 3008 452 3077 semper
463 2995 653 3080 versantes,
671 2993 823 3052 enatura
842 3007 880 3052 11
899 2983 1042 3051 veritate
1061 2985 1172 3072 magis
1192 2985 1228 3052 in

164 3102 238 3171 dies
253 3102 471 3184 abhorreant,
489 3109 523 3170 et
537 3111 596 3170 aut
619 3101 794 3170 elaborata
812 3100 963 3191 quadarn
982 3095 1225 3184 concinnitate,

165 3226 224 3288 1111
238 3217 398 3309 ampullis
416 3227 450 3286 et
469 3215 656 3285 ambitiosa
666 3215 831 3308 jactantia
848 3216 990 3308 plausus
1013 3215 1228 3284 audientium

164 3335 202 3402 in
215 3333 476 3402 recitationibus
495 3340 652 3428 captent:
670 3330 762 3401 unde
786 3354 856 3399 non
880 3331 996 3399 minus
1022 3354 1126 3424 quam
1155 3333 1227 3400 elo·

165 3451 318 3542 quentia,
331 3449 446 3542 poesis
460 3450 497 3518 in
507 3448 794 3530 declamationem
805 3449 930 3532 evadit,
946 3472 1059 3540 neque
1069 3449 1228 3518 Marones

161 3566 234 3658 jam
248 3566 399 3658 reperire
420 3574 483 3648 est,
508 3566 568 3633 sed
597 3565 739 3635 Ovidius
764 3587 802 3632 11
829 3587 910 3633 mox
931 3566 1100 3643 Lucanos,
1123 3573 1168 3645 et,
1191 3571 1232 3632 ut
1290 3595 1292 3598 ·

165 3683 207 3751 ad
229 3703 308 3750 eum
332 3683 446 3773 ipsum
461 3680 558 3772 cujus
574 3703 713 3769 versum
727 3681 916 3751 memoravi
931 3681 1126 3763 redeamus,
1142 3681 1229 3749 Mar-

165 3797 274 3866 tiales.
297 3797 387 3867 Illud
403 3798 542 3866 demum
557 3798 593 3864 in
609 3797 754 3886 gloriam
770 3796 946 3866 Maeeenati
962 3797 1167 3865 vertendum
1178 3805 1230 3864 est

166 3914 258 4005 quod
270 3915 424 4003 insignes
434 3913 512 3982 illos
530 3922 650 4005 poetas
664 3912 864 4002 Virgilium,
876 3913 1033 3996 Varium,
1047 3911 1229 3980 Horatium
1255 3916 1260 3922 “

211 4165 233 4213 1.
251 4164 364 4214 uenia.
380 4165 558 4232 specum,
576 4167 615 4216 aa
