3130 5064
819 533 958 594 4¹82..

344 657 443 727 tibus
458 677 529 724 non
544 655 715 724 oriatur...
732 678 739 738 3
758 655 925 747 quoniam
944 656 1050 745 igitur
1067 677 1170 726 nemo
1190 657 1316 726 eodem
1330 667 1419 732 tem·

350 794 434 868 pore
450 771 588 863 assequi
602 771 712 862 possit
724 794 888 861 magnam
898 771 1415 864 famametmagnamquistem,

351 887 446 958 bono
462 888 515 956 sui
537 887 654 964 saeculi
683 887 820 980 cuique,
846 887 930 957 citra
958 888 1243 964 obtrectationem
1261 889 1417 974 alterius,

254 1041 257 1046 ·
349 1004 554 1075 utendum&
570 1032 586 1068 η
608 1005 680 1074 Nec
704 1003 804 1072 aliter
823 1003 1032 1075 clarissimus
1051 1004 1104 1074 vir
1121 1005 1264 1076 Asinius
1289 1007 1414 1092 Pollio,

350 1121 454 1191 lmine
474 1120 703 1193 dominationi
721 1129 826 1190 antea
845 1121 1112 1204 inaccusatos
1132 1122 1275 1192 Antonii
1303 1132 1418 1215 partes

351 1237 543 1330 amplexus,
564 1240 626 1307 sed
644 1238 823 1314 Maecenati
851 1237 944 1306 idem
963 1246 1084 1308 mutua
1098 1238 1248 1312 amicitia
1272 1249 1306 1308 et
1321 1263 1419 1311 com-

337 1355 448 1424 muni
467 1355 661 1430 litterarum
685 1353 798 1426 studio
819 1354 1133 1445 conjunctissimus,
1158 1355 1324 1448 quoniam
1342 1357 1416 1429 Au-

350 1479 451 1560 gusto
472 1493 585 1563 neque
605 1471 773 1542 inservire
788 1467 938 1553 volebat,
955 1494 1069 1562 neque
1084 1471 1157 1562 jam
1172 1471 1359 1555 adversari,
1373 1473 1415 1542 ad

349 1586 466 1658 Musas
481 1587 614 1656 otiosus
632 1611 669 1656 se
689 1587 849 1670 contidit,
869 1596 914 1670 et,
942 1587 1181 1680 quicivilibus
1200 1588 1416 1666 orationibus

344 1702 484 1794 juvenis
500 1704 703 1774 nobilitatus
718 1713 803 1787 erat,
816 1703 970 1772 scholam
989 1726 1099 1772 senex
1120 1704 1266 1795 aperuit,
1287 1705 1325 1774 in
1347 1729 1417 1796 qua

345 1820 538 1892 declamare
559 1820 794 1890 adolescentes
826 1822 978 1904 doceret,
1003 1822 1205 1914 primusque
1228 1821 1415 1892 bibliothe-

340 1961 424 2006 cam
437 1939 612 2030 publicam
627 1938 787 2021 instituit,
815 1961 893 2008 cum
912 1938 987 2030 ipso
1002 1937 1186 2008 Libertatis
1201 1938 1287 2008 atrio
1303 1939 1415 2008 contl-

338 2065 500 2138 -uentem,
522 2080 561 2125 ac
579 2055 712 2126 litteras
732 2056 769 2124 in
784 2055 896 2126 vicem
906 2055 1093 2126 Libertatis
1111 2054 1301 2124 succedere
1315 2055 1415 2147 quasi

328 2171 638 2260 significantem&
658 2217 663 2228 ·
1257 2247 1265 2262 ,

391 2287 473 2359 Ideo
498 2289 682 2380 scriptores
706 2296 741 2356 et
765 2295 888 2380 poetae,
911 2295 949 2356 ut
971 2285 1042 2355 vim
1065 2285 1161 2358 illam
1179 2286 1223 2356 ad
1241 2287 1414 2376 regendos

346 2404 467 2496 populi
483 2405 631 2486 animos,
645 2403 911 2496 ¹quamforensis
926 2402 1125 2496 eloquentia
1143 2402 1322 2484 babuerat,
1348 2403 1413 2472 sibi

339 2512 622 2604 vindicaverunt,
644 2512 693 2580 ita
711 2511 869 2603 ejusdem
888 2511 1100 2582 desiderium
1113 2511 1286 2596 levabant.
1303 2510 1412 2602 Cujus

338 2629 571 2717 ¹ingeniorum
593 2629 881 2720 voluntatumque
900 2627 1211 2700 immutationis-et
1231 2627 1413 2720 perspicax

342 2745 505 2838 provisor
523 2747 692 2819 Maecenas
711 2744 788 2829 fuit,
802 2754 836 2813 et
849 2745 1044 2838 praecipuus
1058 2753 1196 2814 auctor:
1206 2745 1296 2814 Nam
1309 2743 1413 2836 scrip

339 2873 437 2932 ,tores
453 2871 487 2931 et
501 2872 622 2954 poetas
641 2862 925 2956 quamplurimos
940 2861 1099 2945 adscivit,
1111 2862 1210 2945 fovit,
1222 2861 1410 2930 insummo

341 2979 475 3049 bonore
501 2980 632 3050 habuit.
657 2981 719 3064 Ac,
738 2967 792 3048 ‘ne
821 2979 951 3049 fastidii
966 2978 1206 3070 superbiaque
1234 2987 1412 3070 suspectus

343 3096 444 3182 foret,
463 3097 640 3166 neminem
659 3097 833 3181 sodalitio,
858 3096 1047 3168 dummodo
1077 3095 1203 3185 dignus
1227 3103 1329 3178 esset,
1352 3117 1412 3166 ex-

344 3213 456 3297 clusit,
472 3237 586 3307 aequo
601 3213 842 3303 solisllirgilio
857 3213 1085 3304 Horatioque,
1102 3211 1254 3284 maximo
1270 3211 1411 3300 ingenio

227 3319 234 3328 ’
343 3330 456 3422 poetis
477 3329 615 3422 (quibus
635 3352 739 3422 quam
754 3329 970 3406 familiariter
988 3351 1071 3398 usus
1090 3329 1145 3412 sit,
1172 3327 1334 3398 omnibns
1347 3350 1411 3398 no·

343 3445 430 3539 tum)
460 3446 741 3518 benevolentiam
756 3446 955 3519 reservavit.
972 3446 1195 3540 Propertium
1214 3467 1354 3537 quoque
1379 3454 1412 3514 et

343 3563 536 3634 Domitium
551 3564 704 3636 Marsum
714 3568 739 3648 ³,
761 3566 908 3635 alterum
922 3564 1058 3654 elegiis,
1080 3565 1228 3634 alterum
1243 3562 1413 3654 epigram·

393 3770 414 3820 l.
433 3765 513 3820 Tacit.
528 3767 597 3819 niet.
615 3757 743 3830 de'Orat,
759 3771 787 3820 ta
802 3772 828 3820 et
843 3772 880 3820 to.

389 3853 413 3900 2.
431 3850 499 3900 Ptin.
514 3849 579 3899 litet.
590 3851 637 3898 aot
651 3851 721 3920 ,vlt
735 3851 763 3900 31
777 3849 842 3914 (30);
852 3849 980 3910 XXXV‚2.
996 3875 1026 3885 —-
1041 3848 1134 3898 isidor.
1149 3847 1259 3912 Oripin,
1270 3845 1312 3907 Vl,
1326 3849 1350 3898 l.

388 3932 413 3979 3.
430 3929 488 3980 Vid.
502 3929 646 3992 Weichert,
662 3928 701 3978 Dc
714 3930 829 3980 Domitio
843 3931 929 3980 Murco
937 3932 1024 3997 poeta,
1038 3929 1108 3994 apud
1119 3929 1220 3978 Poetar.
1237 3927 1311 3978 latia.
1326 3927 1410 3992 reliq„

343 4011 447 4074 Lipsiae,
460 4012 530 4069 1830,
545 4023 571 4073 p.
590 4011 645 4059 tlt.
662 4037 691 4045 -
707 4010 743 4060 ct.
760 4011 943 4071 Walekeuaer,
954 4011 1064 4060 Histoire
1078 4011 1110 4059 de
1127 4009 1152 4058 lu
1165 4010 1204 4058 vie
1221 4011 1246 4058 ct
1264 4007 1411 4073 despectior

342 4091 475 4151 ct'Horoce,
489 4093 510 4139 t.
525 4091 545 4150 1,
558 4104 583 4153 p.
602 4091 655 4151 ΠΒ,
669 4091 723 4151 380,
737 4093 791 4141 38t.
807 4117 837 4128 -
850 4091 889 4142 Da
903 4089 1019 4142 Domitio
1031 4091 1118 4142 Marso
1130 4089 1200 4141 haud
1215 4089 1296 4140 semet
1310 4088 1412 4140 Martia·

341 4172 375 4222 lte
388 4171 521 4235 loquitur,
534 4171 602 4234 epig.
616 4171 684 4232 Vlll,
699 4173 738 4234 56,
754 4175 834 4225 etc...
869 4189 870 4192 ¹
