<?xml version="1.0" encoding="UTF-8"?>
<!DOCTYPE html PUBLIC "-//W3C//DTD XHTML 1.0 Transitional//EN"
    "http://www.w3.org/TR/xhtml1/DTD/xhtml1-transitional.dtd">
<html xmlns="http://www.w3.org/1999/xhtml" xml:lang="en" lang="en">
 <head>
  <title>
</title>
<meta http-equiv="Content-Type" content="text/html;charset=utf-8" />
  <meta name='ocr-system' content='tesseract 3.04.00' />
  <meta name='ocr-capabilities' content='ocr_page ocr_carea ocr_par ocr_line ocrx_word'/>
</head>
<body>
  <div class='ocr_page' id='page_1' title='image "./ccilniusmaecena00feuggoog_0057.png"; bbox 0 0 3130 5064; ppageno 0'>
   <div class='ocr_carea' id='block_1_1' title="bbox 815 570 954 624">
    <p class='ocr_par' dir='ltr' id='par_1_1' title="bbox 815 570 954 624">
     <span class='ocr_line' id='line_1_1' title="bbox 815 570 954 624; baseline 0 -14"><span class='ocrx_word' id='word_1_1' title='bbox 815 570 954 624; x_wconf 75' lang='lat'>..50-</span> 
     </span>
    </p>
   </div>
   <div class='ocr_carea' id='block_1_2' title="bbox 347 688 1418 1931">
    <p class='ocr_par' dir='ltr' id='par_1_2' title="bbox 347 688 1418 1931">
     <span class='ocr_line' id='line_1_2' title="bbox 348 688 1418 785; baseline -0.001 -26"><span class='ocrx_word' id='word_1_2' title='bbox 348 691 532 782; x_wconf 82' lang='lat' dir='ltr'>jiceretur3</span> <span class='ocrx_word' id='word_1_3' title='bbox 561 688 799 781; x_wconf 84' lang='lat' dir='ltr'>quodquidam</span> <span class='ocrx_word' id='word_1_4' title='bbox 826 690 874 759; x_wconf 87' lang='lat' dir='ltr'>ita</span> <span class='ocrx_word' id='word_1_5' title='bbox 898 691 973 760; x_wconf 87' lang='lat' dir='ltr'>fore</span> <span class='ocrx_word' id='word_1_6' title='bbox 1001 691 1094 760; x_wconf 83' lang='lat' dir='ltr'>fama</span> <span class='ocrx_word' id='word_1_7' title='bbox 1122 691 1214 785; x_wconf 89' lang='lat' dir='ltr'>apud</span> <span class='ocrx_word' id='word_1_8' title='bbox 1241 693 1418 760; x_wconf 87' lang='lat' dir='ltr'>Romanos</span> 
     </span>
     <span class='ocr_line' id='line_1_3' title="bbox 352 805 1415 902; baseline 0 -27"><span class='ocrx_word' id='word_1_9' title='bbox 352 807 606 899; x_wconf 73' lang='lat' dir='ltr'>percrebuerat,</span> <span class='ocrx_word' id='word_1_10' title='bbox 633 805 693 874; x_wconf 88' lang='lat' dir='ltr'>sed</span> <span class='ocrx_word' id='word_1_11' title='bbox 718 829 793 898; x_wconf 84' lang='lat' dir='ltr'>quae</span> <span class='ocrx_word' id='word_1_12' title='bbox 822 807 993 898; x_wconf 78' lang='lat' dir='ltr'>potuerit,</span> <span class='ocrx_word' id='word_1_13' title='bbox 1006 817 1046 876; x_wconf 91' lang='lat' dir='ltr'>ut</span> <span class='ocrx_word' id='word_1_14' title='bbox 1068 806 1256 899; x_wconf 84' lang='lat' dir='ltr'>saepissime</span> <span class='ocrx_word' id='word_1_15' title='bbox 1280 806 1415 902; x_wconf 84' lang='lat' dir='ltr'>accidit,</span> 
     </span>
     <span class='ocr_line' id='line_1_4' title="bbox 351 915 1417 1016; baseline 0.002 -24"><span class='ocrx_word' id='word_1_16' title='bbox 351 923 502 994; x_wconf 83' lang='lat' dir='ltr'>mendax</span> <span class='ocrx_word' id='word_1_17' title='bbox 515 923 671 1016; x_wconf 85' lang='lat' dir='ltr'>reperiri.</span> <span class='ocrx_word' id='word_1_18' title='bbox 691 923 834 1006; x_wconf 80' lang='lat' dir='ltr'>Tamen,</span> <span class='ocrx_word' id='word_1_19' title='bbox 851 923 880 991; x_wconf 89' lang='lat' dir='ltr'>si</span> <span class='ocrx_word' id='word_1_20' title='bbox 894 924 1075 1008; x_wconf 82' lang='lat' dir='ltr'>Maecenas,</span> <span class='ocrx_word' id='word_1_21' title='bbox 1093 925 1175 993; x_wconf 86' lang='lat' dir='ltr'>dum</span> <span class='ocrx_word' id='word_1_22' title='bbox 1194 915 1312 1016; x_wconf 67' lang='lat' dir='ltr'>pug&#39;na</span> <span class='ocrx_word' id='word_1_23' title='bbox 1326 924 1417 1016; x_wconf 86' lang='lat' dir='ltr'>apud</span> 
     </span>
     <span class='ocr_line' id='line_1_5' title="bbox 353 1035 1415 1125; baseline 0 -15"><span class='ocrx_word' id='word_1_24' title='bbox 353 1042 491 1110; x_wconf 87' lang='lat' dir='ltr'>Actium</span> <span class='ocrx_word' id='word_1_25' title='bbox 510 1040 808 1123; x_wconf 85' lang='lat' dir='ltr'>committebatur,</span> <span class='ocrx_word' id='word_1_26' title='bbox 821 1039 858 1109; x_wconf 92' lang='lat' dir='ltr'>in</span> <span class='ocrx_word' id='word_1_27' title='bbox 877 1041 968 1110; x_wconf 88' lang='lat' dir='ltr'>Urbe</span> <span class='ocrx_word' id='word_1_28' title='bbox 982 1035 1139 1112; x_wconf 83' lang='lat' dir='ltr'>versatus</span> <span class='ocrx_word' id='word_1_29' title='bbox 1155 1041 1210 1125; x_wconf 89' lang='lat' dir='ltr'>sit,</span> <span class='ocrx_word' id='word_1_30' title='bbox 1227 1064 1299 1110; x_wconf 91' lang='lat' dir='ltr'>non</span> <span class='ocrx_word' id='word_1_31' title='bbox 1313 1040 1415 1110; x_wconf 82' lang='lat' dir='ltr'>video</span> 
     </span>
     <span class='ocr_line' id='line_1_6' title="bbox 352 1157 1417 1252; baseline 0 -26"><span class='ocrx_word' id='word_1_32' title='bbox 352 1157 436 1251; x_wconf 86' lang='lat' dir='ltr'>quid</span> <span class='ocrx_word' id='word_1_33' title='bbox 456 1158 520 1234; x_wconf 84' lang='lat' dir='ltr'>sibi</span> <span class='ocrx_word' id='word_1_34' title='bbox 540 1157 623 1228; x_wconf 88' lang='lat' dir='ltr'>velit</span> <span class='ocrx_word' id='word_1_35' title='bbox 646 1157 740 1226; x_wconf 90' lang='lat' dir='ltr'>aliud</span> <span class='ocrx_word' id='word_1_36' title='bbox 759 1179 897 1228; x_wconf 85' lang='lat' dir='ltr'>carmen</span> <span class='ocrx_word' id='word_1_37' title='bbox 916 1181 986 1252; x_wconf 81' lang='lat' dir='ltr'>quo</span> <span class='ocrx_word' id='word_1_38' title='bbox 1015 1158 1192 1242; x_wconf 80' lang='lat' dir='ltr'>Horatius,</span> <span class='ocrx_word' id='word_1_39' title='bbox 1218 1158 1321 1229; x_wconf 88' lang='lat' dir='ltr'>allato</span> <span class='ocrx_word' id='word_1_40' title='bbox 1350 1157 1417 1228; x_wconf 88' lang='lat' dir='ltr'>vic·</span> 
     </span>
     <span class='ocr_line' id='line_1_7' title="bbox 351 1273 1417 1367; baseline -0.001 -24"><span class='ocrx_word' id='word_1_41' title='bbox 351 1275 447 1345; x_wconf 77' lang='lat' dir='ltr'>toriae</span> <span class='ocrx_word' id='word_1_42' title='bbox 477 1274 611 1357; x_wconf 90' lang='lat' dir='ltr'>nuntio,</span> <span class='ocrx_word' id='word_1_43' title='bbox 639 1275 817 1348; x_wconf 85' lang='lat' dir='ltr'><strong>absentem</strong></span> <span class='ocrx_word' id='word_1_44' title='bbox 841 1273 1065 1345; x_wconf 79' lang='lat' dir='ltr'>Maecenatem</span> <span class='ocrx_word' id='word_1_45' title='bbox 1088 1275 1273 1358; x_wconf 73' lang='lat' dir='ltr'>desiderat,</span> <span class='ocrx_word' id='word_1_46' title='bbox 1304 1274 1417 1367; x_wconf 84' lang='lat' dir='ltr'>queri-</span> 
     </span>
     <span class='ocr_line' id='line_1_8' title="bbox 350 1391 1416 1484; baseline 0 -24"><span class='ocrx_word' id='word_1_47' title='bbox 350 1399 475 1484; x_wconf 88' lang='lat' dir='ltr'>turque</span> <span class='ocrx_word' id='word_1_48' title='bbox 498 1391 593 1484; x_wconf 90' lang='lat' dir='ltr'>quod</span> <span class='ocrx_word' id='word_1_49' title='bbox 612 1415 684 1462; x_wconf 90' lang='lat' dir='ltr'>non</span> <span class='ocrx_word' id='word_1_50' title='bbox 705 1413 783 1460; x_wconf 89' lang='lat' dir='ltr'>cum</span> <span class='ocrx_word' id='word_1_51' title='bbox 807 1413 847 1460; x_wconf 88' lang='lat' dir='ltr'>eo</span> <span class='ocrx_word' id='word_1_52' title='bbox 867 1391 976 1484; x_wconf 88' lang='lat' dir='ltr'>possit</span> <span class='ocrx_word' id='word_1_53' title='bbox 994 1392 1076 1461; x_wconf 92' lang='lat' dir='ltr'>vino</span> <span class='ocrx_word' id='word_1_54' title='bbox 1092 1392 1289 1484; x_wconf 81' lang='lat' dir='ltr'>gaudioque</span> <span class='ocrx_word' id='word_1_55' title='bbox 1304 1391 1416 1462; x_wconf 90' lang='lat' dir='ltr'>indul·</span> 
     </span>
     <span class='ocr_line' id='line_1_9' title="bbox 351 1507 1415 1600; baseline -0.001 -24"><span class='ocrx_word' id='word_1_56' title='bbox 351 1531 432 1598; x_wconf 80' lang='lat' dir='ltr'>gere</span> <span class='ocrx_word' id='word_1_57' title='bbox 454 1517 477 1576; x_wconf 82' lang='lat'>¹.</span> <span class='ocrx_word' id='word_1_58' title='bbox 494 1508 595 1576; x_wconf 85' lang='lat' dir='ltr'>Adde</span> <span class='ocrx_word' id='word_1_59' title='bbox 615 1507 709 1600; x_wconf 90' lang='lat' dir='ltr'>quod</span> <span class='ocrx_word' id='word_1_60' title='bbox 722 1508 930 1599; x_wconf 51' lang='lat' dir='ltr'>¹Propertius</span> <span class='ocrx_word' id='word_1_61' title='bbox 946 1509 1170 1578; x_wconf 79' lang='lat' dir='ltr'>Maecenatem</span> <span class='ocrx_word' id='word_1_62' title='bbox 1184 1517 1222 1578; x_wconf 88' lang='lat' dir='ltr'>ut</span> <span class='ocrx_word' id='word_1_63' title='bbox 1241 1507 1278 1577; x_wconf 92' lang='lat' dir='ltr'>in</span> <span class='ocrx_word' id='word_1_64' title='bbox 1293 1508 1415 1578; x_wconf 88' lang='lat' dir='ltr'>ceteris</span> 
     </span>
     <span class='ocr_line' id='line_1_10' title="bbox 350 1623 1414 1720; baseline 0 -28"><span class='ocrx_word' id='word_1_65' title='bbox 350 1623 524 1706; x_wconf 90' lang='lat' dir='ltr'>omnihus,</span> <span class='ocrx_word' id='word_1_66' title='bbox 540 1623 589 1692; x_wconf 85' lang='lat' dir='ltr'>ita</span> <span class='ocrx_word' id='word_1_67' title='bbox 602 1633 636 1692; x_wconf 88' lang='lat' dir='ltr'>et</span> <span class='ocrx_word' id='word_1_68' title='bbox 650 1623 687 1692; x_wconf 89' lang='lat' dir='ltr'>in</span> <span class='ocrx_word' id='word_1_69' title='bbox 700 1623 842 1692; x_wconf 86' lang='lat' dir='ltr'>Actiaco</span> <span class='ocrx_word' id='word_1_70' title='bbox 856 1625 948 1694; x_wconf 87' lang='lat' dir='ltr'>bello</span> <span class='ocrx_word' id='word_1_71' title='bbox 967 1625 1249 1720; x_wconf 26' lang='lat' dir='ltr'>militaris&#39;laudis</span> <span class='ocrx_word' id='word_1_72' title='bbox 1264 1625 1414 1714; x_wconf 82' lang='lat' dir='ltr'>Augusti</span> 
     </span>
     <span class='ocr_line' id='line_1_11' title="bbox 349 1739 1415 1831; baseline -0.002 -21"><span class='ocrx_word' id='word_1_73' title='bbox 349 1749 545 1810; x_wconf 83' lang='lat' dir='ltr'>consortem</span> <span class='ocrx_word' id='word_1_74' title='bbox 564 1739 670 1808; x_wconf 87' lang='lat' dir='ltr'>fuisse</span> <span class='ocrx_word' id='word_1_75' title='bbox 686 1739 880 1829; x_wconf 81' lang='lat' dir='ltr'>significare</span> <span class='ocrx_word' id='word_1_76' title='bbox 899 1741 1037 1811; x_wconf 88' lang='lat' dir='ltr'>videtur</span> <span class='ocrx_word' id='word_1_77' title='bbox 1052 1753 1077 1825; x_wconf 84' lang='lat'>²,</span> <span class='ocrx_word' id='word_1_78' title='bbox 1096 1742 1225 1831; x_wconf 85' lang='lat' dir='ltr'>Elegiae</span> <span class='ocrx_word' id='word_1_79' title='bbox 1245 1750 1361 1812; x_wconf 88' lang='lat' dir='ltr'>autem</span> <span class='ocrx_word' id='word_1_80' title='bbox 1380 1742 1415 1808; x_wconf 83' lang='lat' dir='ltr'>in</span> 
     </span>
     <span class='ocr_line' id='line_1_12' title="bbox 347 1849 1415 1931; baseline -0.001 -5"><span class='ocrx_word' id='word_1_81' title='bbox 347 1859 474 1927; x_wconf 79' lang='lat' dir='ltr'>obitum</span> <span class='ocrx_word' id='word_1_82' title='bbox 488 1859 676 1931; x_wconf 69' lang='lat' dir='ltr'>Maecenatis</span> <span class='ocrx_word' id='word_1_83' title='bbox 695 1867 815 1927; x_wconf 89' lang='lat' dir='ltr'>auctor</span> <span class='ocrx_word' id='word_1_84' title='bbox 831 1849 982 1928; x_wconf 74' lang='lat' dir='ltr'>&#39;omnino</span> <span class='ocrx_word' id='word_1_85' title='bbox 998 1867 1172 1928; x_wconf 87' lang='lat' dir='ltr'>asseverat</span> <span class='ocrx_word' id='word_1_86' title='bbox 1188 1866 1212 1927; x_wconf 85' lang='lat'>³.</span> <span class='ocrx_word' id='word_1_87' title='bbox 1230 1859 1282 1928; x_wconf 89' lang='lat' dir='ltr'>Ne</span> <span class='ocrx_word' id='word_1_88' title='bbox 1297 1859 1334 1926; x_wconf 94' lang='lat' dir='ltr'>in</span> <span class='ocrx_word' id='word_1_89' title='bbox 1349 1855 1415 1928; x_wconf 85' lang='lat' dir='ltr'>vis-</span> 
     </span>
    </p>
   </div>
   <div class='ocr_carea' id='block_1_3' title="bbox 235 1974 1414 2068">
    <p class='ocr_par' dir='ltr' id='par_1_3' title="bbox 235 1974 1414 2068">
     <span class='ocr_line' id='line_1_13' title="bbox 235 1974 1414 2068; baseline -0.003 -24"><span class='ocrx_word' id='word_1_90' title='bbox 235 1997 241 2006; x_wconf 92' lang='grc'><em>·</em></span> <span class='ocrx_word' id='word_1_91' title='bbox 346 1999 425 2046; x_wconf 82' lang='lat' dir='ltr'>cera</span> <span class='ocrx_word' id='word_1_92' title='bbox 453 1976 551 2045; x_wconf 90' lang='lat' dir='ltr'>istius</span> <span class='ocrx_word' id='word_1_93' title='bbox 578 1975 821 2068; x_wconf 78' lang='lat' dir='ltr'>disputationis</span> <span class='ocrx_word' id='word_1_94' title='bbox 849 1976 1115 2060; x_wconf 79' lang='lat' dir='ltr'>descendamus,</span> <span class='ocrx_word' id='word_1_95' title='bbox 1147 1998 1251 2068; x_wconf 89' lang='lat' dir='ltr'>quam</span> <span class='ocrx_word' id='word_1_96' title='bbox 1279 1974 1414 2046; x_wconf 84' lang='lat' dir='ltr'>Horatii</span> 
     </span>
    </p>
   </div>
   <div class='ocr_carea' id='block_1_4' title="bbox 344 2091 1415 3708">
    <p class='ocr_par' dir='ltr' id='par_1_4' title="bbox 344 2091 1415 3708">
     <span class='ocr_line' id='line_1_14' title="bbox 346 2091 1410 2185; baseline -0.001 -24"><span class='ocrx_word' id='word_1_97' title='bbox 346 2092 604 2185; x_wconf 87' lang='lat' dir='ltr'>interpretibus,</span> <span class='ocrx_word' id='word_1_98' title='bbox 617 2115 637 2160; x_wconf 88' lang='lat' dir='ltr'>a</span> <span class='ocrx_word' id='word_1_99' title='bbox 651 2093 829 2185; x_wconf 88' lang='lat' dir='ltr'>proposito</span> <span class='ocrx_word' id='word_1_100' title='bbox 849 2101 968 2162; x_wconf 88' lang='lat' dir='ltr'>nostro</span> <span class='ocrx_word' id='word_1_101' title='bbox 987 2101 1107 2184; x_wconf 91' lang='lat' dir='ltr'>utpote</span> <span class='ocrx_word' id='word_1_102' title='bbox 1127 2091 1231 2160; x_wconf 90' lang='lat' dir='ltr'>nimis</span> <span class='ocrx_word' id='word_1_103' title='bbox 1251 2091 1410 2176; x_wconf 80' lang='lat' dir='ltr'>alienam,</span> 
     </span>
     <span class='ocr_line' id='line_1_15' title="bbox 346 2209 1414 2302; baseline 0 -25"><span class='ocrx_word' id='word_1_104' title='bbox 346 2209 588 2302; x_wconf 90' lang='lat' dir='ltr'>relinquimus,</span> <span class='ocrx_word' id='word_1_105' title='bbox 599 2209 686 2278; x_wconf 89' lang='lat' dir='ltr'>illud</span> <span class='ocrx_word' id='word_1_106' title='bbox 697 2209 819 2280; x_wconf 88' lang='lat' dir='ltr'>saltem</span> <span class='ocrx_word' id='word_1_107' title='bbox 829 2231 891 2301; x_wconf 89' lang='lat' dir='ltr'>pro</span> <span class='ocrx_word' id='word_1_108' title='bbox 908 2218 1000 2278; x_wconf 86' lang='lat' dir='ltr'>certo</span> <span class='ocrx_word' id='word_1_109' title='bbox 1011 2209 1210 2279; x_wconf 86' lang='lat' dir='ltr'>habendum</span> <span class='ocrx_word' id='word_1_110' title='bbox 1221 2218 1285 2292; x_wconf 87' lang='lat' dir='ltr'>est,</span> <span class='ocrx_word' id='word_1_111' title='bbox 1295 2209 1414 2280; x_wconf 73' lang='lat' dir='ltr'>Meroe-</span> 
     </span>
     <span class='ocr_line' id='line_1_16' title="bbox 347 2325 1412 2410; baseline 0 -16"><span class='ocrx_word' id='word_1_112' title='bbox 347 2335 476 2410; x_wconf 89' lang='lat' dir='ltr'>natem,</span> <span class='ocrx_word' id='word_1_113' title='bbox 498 2326 526 2395; x_wconf 90' lang='lat' dir='ltr'>si</span> <span class='ocrx_word' id='word_1_114' title='bbox 540 2327 632 2395; x_wconf 91' lang='lat' dir='ltr'>bello</span> <span class='ocrx_word' id='word_1_115' title='bbox 644 2325 809 2396; x_wconf 87' lang='lat' dir='ltr'>adversus</span> <span class='ocrx_word' id='word_1_116' title='bbox 823 2326 1016 2394; x_wconf 87' lang='lat' dir='ltr'>Antonium</span> <span class='ocrx_word' id='word_1_117' title='bbox 1030 2325 1236 2408; x_wconf 88' lang='lat' dir='ltr'>interfuerit,</span> <span class='ocrx_word' id='word_1_118' title='bbox 1255 2335 1290 2394; x_wconf 90' lang='lat' dir='ltr'>et</span> <span class='ocrx_word' id='word_1_119' title='bbox 1302 2326 1412 2394; x_wconf 90' lang='lat' dir='ltr'>multo</span> 
     </span>
     <span class='ocr_line' id='line_1_17' title="bbox 346 2442 1413 2536; baseline 0 -24"><span class='ocrx_word' id='word_1_120' title='bbox 346 2453 426 2536; x_wconf 90' lang='lat' dir='ltr'>post</span> <span class='ocrx_word' id='word_1_121' title='bbox 446 2443 616 2512; x_wconf 81' lang='lat' dir='ltr'>Caesarem</span> <span class='ocrx_word' id='word_1_122' title='bbox 644 2445 755 2513; x_wconf 88' lang='lat' dir='ltr'>Roma</span> <span class='ocrx_word' id='word_1_123' title='bbox 783 2443 921 2525; x_wconf 84' lang='lat' dir='ltr'>abiisse,</span> <span class='ocrx_word' id='word_1_124' title='bbox 942 2452 977 2512; x_wconf 91' lang='lat' dir='ltr'>et</span> <span class='ocrx_word' id='word_1_125' title='bbox 995 2443 1104 2512; x_wconf 91' lang='lat' dir='ltr'>multo</span> <span class='ocrx_word' id='word_1_126' title='bbox 1134 2451 1213 2511; x_wconf 88' lang='lat' dir='ltr'>ante</span> <span class='ocrx_word' id='word_1_127' title='bbox 1242 2442 1413 2512; x_wconf 82' lang='lat' dir='ltr'>Caesarem</span> 
     </span>
     <span class='ocr_line' id='line_1_18' title="bbox 346 2559 1414 2652; baseline -0.001 -23"><span class='ocrx_word' id='word_1_128' title='bbox 346 2561 494 2630; x_wconf 89' lang='lat' dir='ltr'>Romam</span> <span class='ocrx_word' id='word_1_129' title='bbox 507 2560 663 2628; x_wconf 86' lang='lat' dir='ltr'>rediisse.</span> <span class='ocrx_word' id='word_1_130' title='bbox 683 2559 897 2628; x_wconf 86' lang='lat' dir='ltr'>Crediderim</span> <span class='ocrx_word' id='word_1_131' title='bbox 912 2559 1030 2649; x_wconf 82' lang='lat' dir='ltr'>igitur,</span> <span class='ocrx_word' id='word_1_132' title='bbox 1043 2582 1151 2652; x_wconf 86' lang='lat' dir='ltr'>quum</span> <span class='ocrx_word' id='word_1_133' title='bbox 1165 2567 1312 2652; x_wconf 80' lang='lat' dir='ltr'>utraque</span> <span class='ocrx_word' id='word_1_134' title='bbox 1332 2559 1414 2628; x_wconf 85' lang='lat' dir='ltr'>olas-</span> 
     </span>
     <span class='ocr_line' id='line_1_19' title="bbox 347 2675 1415 2768; baseline 0 -24"><span class='ocrx_word' id='word_1_135' title='bbox 347 2677 395 2745; x_wconf 87' lang='lat' dir='ltr'>sis</span> <span class='ocrx_word' id='word_1_136' title='bbox 415 2678 504 2746; x_wconf 89' lang='lat' dir='ltr'>circa</span> <span class='ocrx_word' id='word_1_137' title='bbox 518 2677 657 2745; x_wconf 82' lang='lat' dir='ltr'>Actium</span> <span class='ocrx_word' id='word_1_138' title='bbox 673 2683 883 2765; x_wconf 82' lang='lat' dir='ltr'>congregata</span> <span class='ocrx_word' id='word_1_139' title='bbox 902 2685 1004 2758; x_wconf 89' lang='lat' dir='ltr'>esset,</span> <span class='ocrx_word' id='word_1_140' title='bbox 1021 2699 1059 2748; x_wconf 92' lang='lat' dir='ltr'>ac</span> <span class='ocrx_word' id='word_1_141' title='bbox 1082 2675 1242 2768; x_wconf 82' lang='lat' dir='ltr'>praelium</span> <span class='ocrx_word' id='word_1_142' title='bbox 1261 2675 1335 2766; x_wconf 88' lang='lat' dir='ltr'>jam</span> <span class='ocrx_word' id='word_1_143' title='bbox 1353 2676 1415 2744; x_wconf 91' lang='lat' dir='ltr'>im·</span> 
     </span>
     <span class='ocr_line' id='line_1_20' title="bbox 346 2791 1413 2877; baseline 0.001 -16"><span class='ocrx_word' id='word_1_144' title='bbox 346 2793 505 2877; x_wconf 89' lang='lat' dir='ltr'>minoret,</span> <span class='ocrx_word' id='word_1_145' title='bbox 532 2803 606 2863; x_wconf 90' lang='lat' dir='ltr'>tum</span> <span class='ocrx_word' id='word_1_146' title='bbox 631 2793 772 2863; x_wconf 90' lang='lat' dir='ltr'>domum</span> <span class='ocrx_word' id='word_1_147' title='bbox 799 2793 1022 2862; x_wconf 76' lang='lat' dir='ltr'>Maecenatem</span> <span class='ocrx_word' id='word_1_148' title='bbox 1045 2792 1087 2861; x_wconf 87' lang='lat' dir='ltr'>ab</span> <span class='ocrx_word' id='word_1_149' title='bbox 1108 2792 1295 2864; x_wconf 86' lang='lat' dir='ltr'>Octaviano</span> <span class='ocrx_word' id='word_1_150' title='bbox 1324 2791 1413 2862; x_wconf 88' lang='lat' dir='ltr'>acci-</span> 
     </span>
     <span class='ocr_line' id='line_1_21' title="bbox 346 2908 1413 3002; baseline 0.002 -24"><span class='ocrx_word' id='word_1_151' title='bbox 346 2919 420 2979; x_wconf 87' lang='lat' dir='ltr'>tum</span> <span class='ocrx_word' id='word_1_152' title='bbox 438 2933 446 2978; x_wconf 90' lang='lat'>:</span> <span class='ocrx_word' id='word_1_153' title='bbox 462 2910 572 2979; x_wconf 90' lang='lat' dir='ltr'>voluit</span> <span class='ocrx_word' id='word_1_154' title='bbox 583 2911 675 2979; x_wconf 91' lang='lat' dir='ltr'>enim</span> <span class='ocrx_word' id='word_1_155' title='bbox 686 2910 904 2979; x_wconf 86' lang='lat' dir='ltr'>cautissimus</span> <span class='ocrx_word' id='word_1_156' title='bbox 914 2909 1102 3002; x_wconf 82' lang='lat' dir='ltr'>imperator</span> <span class='ocrx_word' id='word_1_157' title='bbox 1115 2932 1232 2980; x_wconf 86' lang='lat' dir='ltr'>secum</span> <span class='ocrx_word' id='word_1_158' title='bbox 1243 2908 1413 3002; x_wconf 85' lang='lat' dir='ltr'>optimum</span> 
     </span>
     <span class='ocr_line' id='line_1_22' title="bbox 346 3027 1412 3120; baseline -0.001 -24"><span class='ocrx_word' id='word_1_159' title='bbox 346 3029 444 3097; x_wconf 90' lang='lat' dir='ltr'>illum</span> <span class='ocrx_word' id='word_1_160' title='bbox 459 3027 683 3098; x_wconf 88' lang='lat' dir='ltr'>consiliorum</span> <span class='ocrx_word' id='word_1_161' title='bbox 698 3028 920 3120; x_wconf 83' lang='lat' dir='ltr'>interpretem</span> <span class='ocrx_word' id='word_1_162' title='bbox 935 3027 1074 3111; x_wconf 80' lang='lat' dir='ltr'>habere,</span> <span class='ocrx_word' id='word_1_163' title='bbox 1092 3047 1208 3120; x_wconf 85' lang='lat' dir='ltr'>quem,</span> <span class='ocrx_word' id='word_1_164' title='bbox 1226 3027 1254 3096; x_wconf 92' lang='lat' dir='ltr'>si</span> <span class='ocrx_word' id='word_1_165' title='bbox 1270 3027 1412 3100; x_wconf 87' lang='lat' dir='ltr'>adversa</span> 
     </span>
     <span class='ocr_line' id='line_1_23' title="bbox 344 3141 1413 3236; baseline 0 -22"><span class='ocrx_word' id='word_1_166' title='bbox 344 3146 485 3216; x_wconf 82' lang='lat' dir='ltr'>fortuna</span> <span class='ocrx_word' id='word_1_167' title='bbox 504 3155 606 3229; x_wconf 87' lang='lat' dir='ltr'>esset,</span> <span class='ocrx_word' id='word_1_168' title='bbox 619 3154 678 3214; x_wconf 90' lang='lat' dir='ltr'>aut</span> <span class='ocrx_word' id='word_1_169' title='bbox 692 3145 721 3214; x_wconf 91' lang='lat' dir='ltr'>si</span> <span class='ocrx_word' id='word_1_170' title='bbox 735 3167 791 3214; x_wconf 86' lang='lat' dir='ltr'>res</span> <span class='ocrx_word' id='word_1_171' title='bbox 806 3145 922 3236; x_wconf 85' lang='lat' dir='ltr'>aliquo</span> <span class='ocrx_word' id='word_1_172' title='bbox 937 3141 1042 3212; x_wconf 94' lang='lat' dir='ltr'>modo</span> <span class='ocrx_word' id='word_1_173' title='bbox 1057 3145 1259 3236; x_wconf 78' lang='lat' dir='ltr'>postularet,</span> <span class='ocrx_word' id='word_1_174' title='bbox 1277 3145 1320 3214; x_wconf 90' lang='lat' dir='ltr'>ad</span> <span class='ocrx_word' id='word_1_175' title='bbox 1334 3166 1413 3215; x_wconf 88' lang='lat' dir='ltr'>con·</span> 
     </span>
     <span class='ocr_line' id='line_1_24' title="bbox 344 3261 1408 3354; baseline 0 -23"><span class='ocrx_word' id='word_1_176' title='bbox 344 3272 469 3332; x_wconf 89' lang='lat' dir='ltr'>ventus</span> <span class='ocrx_word' id='word_1_177' title='bbox 488 3272 523 3332; x_wconf 90' lang='lat' dir='ltr'>et</span> <span class='ocrx_word' id='word_1_178' title='bbox 541 3262 726 3354; x_wconf 87' lang='lat' dir='ltr'>colloquia,</span> <span class='ocrx_word' id='word_1_179' title='bbox 750 3270 789 3330; x_wconf 93' lang='lat' dir='ltr'>ut</span> <span class='ocrx_word' id='word_1_180' title='bbox 809 3261 950 3331; x_wconf 88' lang='lat' dir='ltr'>solitum</span> <span class='ocrx_word' id='word_1_181' title='bbox 969 3284 1044 3331; x_wconf 89' lang='lat' dir='ltr'>esse</span> <span class='ocrx_word' id='word_1_182' title='bbox 1062 3261 1226 3346; x_wconf 86' lang='lat' dir='ltr'>vidimus,</span> <span class='ocrx_word' id='word_1_183' title='bbox 1246 3262 1408 3334; x_wconf 85' lang='lat' dir='ltr'>mitteret.</span> 
     </span>
     <span class='ocr_line' id='line_1_25' title="bbox 346 3378 1411 3473; baseline -0.001 -24"><span class='ocrx_word' id='word_1_184' title='bbox 346 3379 414 3449; x_wconf 88' lang='lat' dir='ltr'>Sed</span> <span class='ocrx_word' id='word_1_185' title='bbox 434 3389 618 3472; x_wconf 88' lang='lat' dir='ltr'>postquam</span> <span class='ocrx_word' id='word_1_186' title='bbox 636 3378 811 3447; x_wconf 88' lang='lat' dir='ltr'>Antonius</span> <span class='ocrx_word' id='word_1_187' title='bbox 829 3379 1034 3472; x_wconf 85' lang='lat' dir='ltr'>profligatus</span> <span class='ocrx_word' id='word_1_188' title='bbox 1058 3388 1091 3448; x_wconf 87' lang='lat' dir='ltr'>et</span> <span class='ocrx_word' id='word_1_189' title='bbox 1113 3397 1221 3473; x_wconf 87' lang='lat' dir='ltr'>prope</span> <span class='ocrx_word' id='word_1_190' title='bbox 1241 3380 1356 3449; x_wconf 88' lang='lat' dir='ltr'>statim</span> <span class='ocrx_word' id='word_1_191' title='bbox 1376 3380 1411 3448; x_wconf 90' lang='lat' dir='ltr'>in</span> 
     </span>
     <span class='ocr_line' id='line_1_26' title="bbox 345 3487 1412 3591; baseline 0.001 -27"><span class='ocrx_word' id='word_1_192' title='bbox 345 3496 464 3587; x_wconf 80' lang='lat' dir='ltr'>fugam</span> <span class='ocrx_word' id='word_1_193' title='bbox 482 3519 603 3565; x_wconf 83' lang='lat' dir='ltr'>versus</span> <span class='ocrx_word' id='word_1_194' title='bbox 617 3487 694 3579; x_wconf 87' lang='lat' dir='ltr'>fuit,</span> <span class='ocrx_word' id='word_1_195' title='bbox 716 3494 758 3563; x_wconf 93' lang='lat' dir='ltr'>de</span> <span class='ocrx_word' id='word_1_196' title='bbox 778 3501 904 3565; x_wconf 84' lang='lat' dir='ltr'>eventu</span> <span class='ocrx_word' id='word_1_197' title='bbox 923 3495 1005 3564; x_wconf 88' lang='lat' dir='ltr'>belli</span> <span class='ocrx_word' id='word_1_198' title='bbox 1020 3519 1161 3566; x_wconf 89' lang='lat' dir='ltr'>securus</span> <span class='ocrx_word' id='word_1_199' title='bbox 1177 3496 1289 3566; x_wconf 77' lang='lat' dir='ltr'>Caesar</span> <span class='ocrx_word' id='word_1_200' title='bbox 1303 3521 1412 3591; x_wconf 77' lang='lat' dir='ltr'>‘quam</span> 
     </span>
     <span class='ocr_line' id='line_1_27' title="bbox 346 3611 1410 3708; baseline 0.002 -26"><span class='ocrx_word' id='word_1_201' title='bbox 346 3613 508 3683; x_wconf 88' lang='lat' dir='ltr'>citissime</span> <span class='ocrx_word' id='word_1_202' title='bbox 524 3613 671 3683; x_wconf 87' lang='lat' dir='ltr'>Romam</span> <span class='ocrx_word' id='word_1_203' title='bbox 685 3621 841 3705; x_wconf 90' lang='lat' dir='ltr'>repetere</span> <span class='ocrx_word' id='word_1_204' title='bbox 856 3611 1079 3684; x_wconf 84' lang='lat' dir='ltr'>Maecenatem</span> <span class='ocrx_word' id='word_1_205' title='bbox 1094 3613 1209 3706; x_wconf 87' lang='lat' dir='ltr'>jussit.</span> <span class='ocrx_word' id='word_1_206' title='bbox 1227 3615 1410 3708; x_wconf 13' lang='lat' dir='ltr'>&#39;Summam</span> 
     </span>
    </p>
   </div>
   <div class='ocr_carea' id='block_1_5' title="bbox 329 3879 838 4110">
    <p class='ocr_par' dir='ltr' id='par_1_5' title="bbox 329 3879 838 4110">
     <span class='ocr_line' id='line_1_28' title="bbox 391 3879 558 3945; baseline 0.006 -14"><span class='ocrx_word' id='word_1_207' title='bbox 391 3881 413 3931; x_wconf 88' lang='lat' dir='ltr'>t.</span> <span class='ocrx_word' id='word_1_208' title='bbox 429 3879 512 3945; x_wconf 87' lang='lat' dir='ltr'>Epod.</span> <span class='ocrx_word' id='word_1_209' title='bbox 524 3892 558 3932; x_wconf 80' lang='lat'>11.</span> 
     </span>
     <span class='ocr_line' id='line_1_29' title="bbox 389 3961 732 4026; baseline -0.003 -14"><span class='ocrx_word' id='word_1_210' title='bbox 389 3963 413 4012; x_wconf 80' lang='lat'>2.</span> <span class='ocrx_word' id='word_1_211' title='bbox 430 3963 550 4026; x_wconf 86' lang='lat' dir='ltr'>Propert.</span> <span class='ocrx_word' id='word_1_212' title='bbox 564 3961 649 4026; x_wconf 68' lang='lat' dir='ltr'>13qu„</span> <span class='ocrx_word' id='word_1_213' title='bbox 664 3961 698 4022; x_wconf 90' lang='lat' dir='ltr'>ll,</span> <span class='ocrx_word' id='word_1_214' title='bbox 713 3975 732 4011; x_wconf 70' lang='lat' dir='ltr'>r·</span> 
     </span>
     <span class='ocr_line' id='line_1_30' title="bbox 329 4040 838 4110; baseline -0.002 -19"><span class='ocrx_word' id='word_1_215' title='bbox 329 4099 333 4110; x_wconf 27' lang='lat'>4</span> <span class='ocrx_word' id='word_1_216' title='bbox 390 4041 413 4092; x_wconf 79' lang='grc'>3.</span> <span class='ocrx_word' id='word_1_217' title='bbox 428 4041 504 4106; x_wconf 75' lang='lat' dir='ltr'>Eleq.</span> <span class='ocrx_word' id='word_1_218' title='bbox 518 4040 619 4093; x_wconf 77' lang='lat' dir='ltr'>incdit.</span> <span class='ocrx_word' id='word_1_219' title='bbox 633 4041 746 4101; x_wconf 66' lang='lat' dir='ltr'>Macen„</span> <span class='ocrx_word' id='word_1_220' title='bbox 761 4053 788 4090; x_wconf 80' lang='lat' dir='ltr'>v.</span> <span class='ocrx_word' id='word_1_221' title='bbox 800 4041 838 4091; x_wconf 76' lang='lat' dir='ltr'>tt.</span> 
     </span>
    </p>
   </div>
   <div class='ocr_carea' id='block_1_6' title="bbox 609 4155 1130 4280">
    <p class='ocr_par' dir='ltr' id='par_1_6' title="bbox 609 4155 1130 4280">
     <span class='ocr_line' id='line_1_31' title="bbox 609 4155 1117 4210; baseline 0.004 -11"><span class='ocrx_word' id='word_1_222' title='bbox 609 4158 683 4208; x_wconf 81' lang='lat' dir='ltr'>Quum</span> <span class='ocrx_word' id='word_1_223' title='bbox 694 4156 751 4198; x_wconf 76' lang='lat' dir='ltr'>treta</span> <span class='ocrx_word' id='word_1_224' title='bbox 763 4155 852 4197; x_wconf 70' lang='lat' dir='ltr'>Niliaea</span> <span class='ocrx_word' id='word_1_225' title='bbox 861 4157 963 4198; x_wconf 83' lang='lat' dir='ltr'>texerunt</span> <span class='ocrx_word' id='word_1_226' title='bbox 974 4156 1018 4199; x_wconf 79' lang='lat' dir='ltr'>lata</span> <span class='ocrx_word' id='word_1_227' title='bbox 1029 4157 1117 4210; x_wconf 66' lang='lat' dir='ltr'>cantio,</span> 
     </span>
     <span class='ocr_line' id='line_1_32' title="bbox 637 4227 1130 4280; baseline 0 -6"><span class='ocrx_word' id='word_1_228' title='bbox 637 4229 711 4274; x_wconf 77' lang='lat' dir='ltr'>Fortis</span> <span class='ocrx_word' id='word_1_229' title='bbox 722 4229 770 4271; x_wconf 83' lang='lat' dir='ltr'>erat</span> <span class='ocrx_word' id='word_1_230' title='bbox 778 4227 867 4280; x_wconf 85' lang='lat' dir='ltr'>circum,</span> <span class='ocrx_word' id='word_1_231' title='bbox 880 4227 942 4271; x_wconf 82' lang='lat' dir='ltr'>tortis</span> <span class='ocrx_word' id='word_1_232' title='bbox 951 4230 973 4272; x_wconf 86' lang='lat' dir='ltr'>et</span> <span class='ocrx_word' id='word_1_233' title='bbox 984 4232 1034 4274; x_wconf 79' lang='lat' dir='ltr'>aute</span> <span class='ocrx_word' id='word_1_234' title='bbox 1045 4229 1130 4274; x_wconf 77' lang='lat' dir='ltr'>duram.</span> 
     </span>
    </p>
   </div>
   <div class='ocr_carea' id='block_1_7' title="bbox 0 0 1570 5064">
    <p class='ocr_par' dir='ltr' id='par_1_7' title="bbox 0 0 1570 5064">
     <span class='ocr_line' id='line_1_33' title="bbox 0 0 1570 5064; baseline 0 2"><span class='ocrx_word' id='word_1_235' title='bbox 0 0 1570 5064; x_wconf 95' lang='lat' dir='ltr'> </span> 
     </span>
    </p>
   </div>
  </div>
 </body>
</html>
