3130 5064
801 511 940 566 „20-

337 633 544 705 Octavianus
571 635 719 702 maxime
754 635 949 724 exoptabat,
974 634 1198 704 formidolosa
1219 614 1284 706 illa
1307 636 1397 706 inter

335 750 527 820 Antonium
558 749 833 842 Pompeiumque
863 750 1007 820 societas
1031 751 1078 820 ita
1106 751 1249 821 infracta
1275 762 1327 821 est
1358 777 1396 821 ae

338 865 490 948 discissa,
513 874 552 934 ut
570 866 775 958 Pompeium
794 866 867 957 jam
886 890 956 935 non
975 875 1140 959 tanquam
1155 870 1315 952 amicum,
1337 871 1398 940 sed

336 991 502 1075 tanquam
529 983 664 1050 hostem
689 982 863 1052 Antonius
885 982 1037 1052 haberet.
1073 985 1162 1053 Nam
1193 1008 1276 1076 pace
1305 987 1397 1077 apud

336 1098 571 1168 Brundusium
595 1099 661 1167 icta
680 1099 842 1168 convenit
857 1107 896 1166 ut
916 1100 1045 1168 bellum
1064 1101 1228 1171 adversus
1251 1101 1398 1170 Parthos

335 1215 508 1283 Antonius
545 1215 745 1306 susciperet,
774 1215 904 1283 bellum
931 1216 1095 1284 adversus
1129 1217 1163 1284 S.
1190 1217 1398 1309 Pompeium

335 1330 561 1413 Octavianus;
588 1331 686 1422 quasi
710 1331 800 1399 inter
819 1354 867 1413 se,
890 1331 1183 1422 quemadmodum
1202 1333 1399 1424 provincias

333 1456 367 1515 et
380 1447 576 1539 imperium,
594 1447 641 1515 ita
655 1447 771 1534 hostes
786 1447 996 1536 subigendos
1010 1447 1171 1538 bellaque
1185 1449 1400 1518 conficienda

333 1563 538 1632 dividerent.

398 1681 448 1754 Ea
465 1702 606 1772 prorsus
622 1679 748 1747 divisio
769 1688 842 1748 erat
866 1703 941 1772 quae
969 1680 1198 1749 Octavianum
1210 1681 1282 1749 voti
1303 1704 1398 1748 oom-

333 1806 450 1890 potem
474 1796 616 1864 omnino
642 1795 808 1878 efficeret;
839 1795 926 1864 nihil
954 1796 1047 1864 enim
1079 1796 1318 1865 vehementius
1343 1821 1399 1867 cu-

333 1915 450 2007 piebat
468 1936 572 2006 qnam
590 1920 630 1980 nt
648 1911 821 1981 Antonius
836 1911 934 1980 Italia
952 1912 1144 1995 decederet,
1162 1912 1199 1980 iu
1216 1912 1336 1982 Asiam
1355 1914 1399 1982 ad

334 2031 526 2122 longinqua
554 2029 644 2096 bella
670 2029 766 2097 velut
797 2027 979 2117 relegatus.
1017 2029 1148 2120 Nempe
1175 2029 1399 2098 constituerat

337 2145 675 2215 adolescensbellum
686 2144 849 2214 adversus
861 2143 896 2212 S.
909 2144 1127 2246 lfompeium,
1142 2145 1398 2236 quamprimum

335 2269 462 2355 posset,
494 2284 626 2351 gerere,
651 2261 698 2328 ita
725 2268 840 2329 autem
864 2283 983 2349 gerere
1006 2268 1045 2329 nt
1065 2260 1257 2329 Antonium
1284 2286 1397 2355 nequo

335 2378 470 2447 hostem
483 2376 636 2459 haberet,
653 2399 766 2468 neque
781 2375 913 2444 socium
927 2399 934 2444 :
952 2398 1101 2468 namquo
1117 2399 1197 2444 eum
1209 2377 1268 2446 vix
1282 2379 1398 2448 minus

333 2495 509 2564 metuebat
535 2492 737 2585 participem
766 2492 918 2561 victoriae
943 2515 1049 2584 quem
1073 2502 1249 2562 auctorem
1277 2495 1394 2564 cladis,

335 2611 472 2680 Scilicet
484 2609 689 2678 meminerat
698 2616 777 2700 post
790 2631 943 2701 pugnam
953 2608 1044 2700 apud
1054 2609 1236 2701 Philippos
1246 2609 1398 2680 habitam

334 2752 403 2820 qua
420 2737 566 2819 uterque
586 2734 704 2795 contra
723 2726 879 2795 Cassium
898 2734 933 2794 et
954 2727 1100 2795 Brutum
1125 2727 1395 2812 decertaverant,

335 2867 473 2913 omnem
492 2841 631 2912 laudem
654 2865 862 2934 omnemque
887 2843 1037 2912 militum
1062 2842 1208 2932 gratiam
1227 2843 1271 2913 ad
1289 2867 1398 2913 unum

334 2961 380 3030 M.
412 2960 604 3028 Antonium
619 2959 762 3028 cessisse
794 2981 944 3050 :parum
968 2958 1075 3046 igitur
1091 2959 1248 3049 placebat
1271 2981 1398 3028 novam

335 3077 458 3146 remulo
486 3076 698 3166 adaugendae
721 3075 900 3167 potestatis
920 3074 1135 3142 occasionem
1164 3075 1394 3167 suppeditare.

333 3193 479 3276 Deinde,
505 3193 599 3286 quod
624 3191 736 3283 majus
756 3200 819 3273 est,
844 3191 985 3275 nolebat
1004 3214 1215 3282 quemquam
1234 3191 1397 3259 exsistere

335 3331 485 3402 quocum
504 3308 614 3399 spolie
633 3307 758 3376 devicti
782 3306 891 3374 hostis
917 3305 1132 3408 conlectiqne
1155 3307 1237 3376 belli
1256 3307 1398 3399 praemia

332 3425 528 3516 partiretur.
553 3423 757 3515 Supremam
777 3423 870 3491 enim
890 3423 1059 3514 cumipse
1079 3423 1232 3494 Antonio
1254 3423 1397 3492 dimica-

332 3539 464 3608 tionem
478 3539 567 3610 inire
581 3563 653 3608 non
667 3539 763 3631 prius
777 3547 913 3630 poterat
932 3561 1037 3630 quam
1051 3539 1218 3610 classibus
1234 3548 1268 3608 et
1287 3563 1324 3609 re
1340 3563 1397 3608 na-

332 3656 400 3726 vali
415 3656 557 3738 valeret,
575 3679 643 3748 qna
662 3655 699 3724 in
712 3663 809 3750 parte
824 3654 974 3724 maxime
990 3654 1223 3738 claudicabat;
1241 3679 1304 3724 nec
1319 3679 1397 3748 spe·

333 3774 431 3842 rabat
445 3795 481 3841 se
506 3770 588 3841 satis
606 3771 741 3840 roboris
759 3793 833 3840 csse
853 3779 1084 3863 sumpturum,
1106 3770 1172 3855 nisi
1192 3771 1398 3863 Pompeium

327 3876 558 3981 opprimeret,
579 3911 684 3957 naves
706 3888 780 3979 ejus
799 3889 835 3957 in
855 3910 934 3956 suas
959 3887 1084 3956 classes
1107 3885 1320 3969 transferret,
1343 3887 1397 3956 in-

336 4005 429 4074 sulas
443 4003 605 4096 deniqne,
628 4005 753 4098 quihus
780 4004 838 4073 ille
867 4004 1119 4087 dominabatur,
1151 4012 1186 4073 et
1208 4005 1399 4095 praesertim

338 4121 490 4192 Siciliam
509 4121 603 4191 solus
627 4120 814 4205 obtineret3
831 4119 929 4211 cujus
947 4120 1118 4212 possessio
1138 4127 1310 4213 quantum
1326 4144 1399 4190 mo-
